2430 3721
303 182 397 249 692

305 282 418 322 tarius
435 281 471 320 in
492 283 578 321 Aeta
600 277 867 333 Apostolorum,
887 284 923 316 et
945 273 1190 328 interpretatio
1220 274 1257 313 in

306 335 533 381 Psalterium,
551 347 644 385 quat,
662 331 819 383 exceptis
848 328 1063 368 duodecimo
1083 336 1116 366 et
1147 326 1258 378 quin-

307 389 514 440 quagesimo
534 386 687 430 Psalmo,
714 384 760 421 ab
784 381 955 433 Ange-lico
989 381 1150 432 catalogo
1169 379 1261 418 nihil

306 442 437 479 differt.
457 442 538 479 llaec
554 435 798 489 Chrysostomi
816 449 922 488 opera
953 447 1060 488 penes
1085 446 1142 471 me
1162 442 1260 471 sunt.

309 496 362 532 An
382 507 464 531 vero
494 491 669 542 qua-piam
691 488 792 526 itlius
818 501 925 547 opera
961 495 1088 541 praeter
1118 485 1192 524 haec
1225 485 1263 524 in

309 545 526 585 Bibliotheca
547 540 848 581 Reverendissimi
867 549 901 578 et
919 538 1154 579 eruditissimi
1183 538 1262 591 epi-

308 598 404 650 scopi
419 595 569 645 Longini
585 594 797 640 habeantur,
808 593 896 631 mihi
913 601 1008 632 certe
1021 592 1182 645 ignotum
1194 600 1259 630 est.

310 655 358 688 Ac
378 650 406 688 si
423 649 568 700 quidem
588 646 832 700 ipseVenetiis
847 653 1058 691 moraretur,
1078 644 1167 682 t'orte
1180 644 1264 682 the-

309 716 453 741 saurum
472 716 578 739 suum
593 699 695 738 nobis
714 698 853 751 aperire
872 712 941 736 non
963 706 1155 736 recusaret.
1181 698 1264 737 Jam

310 770 394 794 vero
411 769 492 794 cum
512 754 581 792 sibi
608 751 803 791 concrediti
827 751 944 803 gregis
966 749 1136 789 custodiae
1154 748 1263 787 advi-

309 809 409 861 gilet,
425 807 574 846 difficile
594 806 696 844 nobis
714 813 804 843 esset
823 803 860 842 id
880 803 1082 857 explorare.
1103 801 1264 840 Tentabo

309 871 423 900 tamen
442 870 481 898 ut
502 869 635 920 potero,
648 872 732 896 num
748 856 953 909 quampiam
968 854 1179 905 exquirendi
1197 868 1264 892 an—

309 929 382 952 sam
401 927 591 968 reperiam.
611 912 720 957 Eum,
734 911 791 949 cui
806 919 884 948 tuas
897 908 944 947 ad
962 922 1018 947 me
1030 908 1152 946 literas
1165 921 1263 946 com-

310 968 470 1011 miseras,
491 979 593 1004 nosse
626 978 695 1003 nou
721 962 821 1016 potui
845 978 853 999 ε
875 971 1064 1013 antequam
1082 960 1177 999 enim
1207 974 1264 998 me

308 1020 528 1067 convenii-et,
552 1018 614 1056 alii
647 1016 803 1069 cuipiam
836 1015 916 1052 illas
949 1014 1107 1053 dederat.
1127 1013 1262 1066 Cyrilli

309 1072 463 1111 thesauri
482 1071 581 1124 apud
602 1085 658 1109 me
687 1077 888 1107 servantur.
906 1067 1117 1120 Imperitum
1144 1075 1263 1104 autem

307 1139 389 1163 cum
406 1124 495 1162 nacti
513 1125 584 1162 sint
603 1135 866 1167 amanuensem,
882 1134 1045 1172 magnam
1063 1119 1117 1157 illi
1135 1132 1208 1171 proe
1227 1132 1264 1156 se

308 1179 427 1216 serunt
443 1177 653 1215 mendorum
670 1185 704 1214 et
722 1174 933 1213 varietatum
950 1173 1100 1226 copiam.
1119 1174 1158 1212 Si
1174 1171 1265 1209 velis

309 1240 426 1268 autem
446 1230 547 1269 brevi
568 1230 754 1268 mittentur
780 1227 862 1265 tibi.
883 1225 954 1266 Sed
973 1235 1054 1264 ante
1072 1225 1147 1263 haec
1167 1223 1265 1263 Pho-

311 1283 351 1322 tii
370 1283 603 1342 epistolarum
626 1281 817 1320 editionem
837 1293 939 1317 cures
953 1278 1083 1326 velim;
1105 1277 1266 1328 mihique

102 1356 111 1365 ·
130 1353 182 1380 in<
193 1353 298 1380 hamo.
312 1338 516 1387 significes*
536 1350 579 1374 an
599 1334 687 1387 quid
707 1333 787 1372 novi
813 1333 983 1370 hacteuus
1001 1331 1092 1369 eirca
1111 1344 1264 1382 apogra-

313 1388 383 1442 pha
405 1403 479 1427 mea
511 1398 725 1440 scriptorum
761 1385 861 1424 illius
891 1383 987 1422 docti
1017 1383 1087 1421 viri
1118 1396 1264 1421 missum

312 1442 370 1480 sit.
390 1443 614 1492 Pi-‹esensque
643 1439 773 1484 oratio,
789 1452 808 1475 a
829 1446 862 1475 te
881 1436 982 1489 prius
1000 1435 1214 1480 examinata,
1234 1435 1263 1473 si

312 1494 377 1532 tibi
396 1494 542 1545 probata
561 1492 681 1537 suerit,
702 1506 784 1531 cum
815 1488 963 1540 reliquis
981 1498 1235 1527 annumeretur
1252 1503 1262 1538 ;

312 1546 365 1584 sin
384 1547 515 1591 minus,
536 1545 655 1583 densis
682 1543 873 1583 mandetur
889 1541 1056 1580 tenebris.
1075 1541 1128 1579 Te
1146 1541 1264 1580 animo

312 1609 345 1637 et
377 1613 524 1651 corpore
553 1598 766 1636 ineolumem
799 1595 973 1634 Dominus
991 1603 1188 1641 conservet,
1210 1594 1266 1632 vi—

314 1666 392 1690 rum
412 1650 696 1689 eruditissimeet
715 1649 932 1688 doctissime.
952 1646 1128 1697 Venetus,
1141 1656 1265 1686 octavo

313 1703 372 1743 die
389 1704 493 1753 Maii,
515 1717 607 1743 anno
628 1702 756 1742 salutis
780 1701 899 1740 1002.

1235 189 1411 223 spuma.

1332 274 1392 314 καὶ
1420 274 1524 326 μόνον
1550 273 1592 313 τὸ
1609 274 1659 317 εἰς
1684 273 1748 318 τὰς
1773 274 1842 311 τῶν
1868 272 2074 312 ἀποστόλων
2091 271 2244 327 nptias<
2269 274 2359 315 ὑπό-

1333 343 1477 379 μνημα,
1508 326 1569 365 καὶ
1584 329 1607 373 ἡ
1626 328 1676 370 εἷς
1699 327 1758 366 τὸν
1778 326 1960 378 Ψαλτῆρα
1980 326 2169 379 ἑρμηνεία,
2187 327 2281 375 πλὴν
2298 331 2358 367 τοῦ

1331 380 1529 419 δωδεκάτου
1552 380 1612 418 καὶ
1639 382 1878 426 πεντηκοστοῦ
1905 381 2073 431 ψαλμοῦ,
2091 383 2152 418 τοῦ
2177 379 2360 432 Ἆγγλυιοῖὶ

1331 433 1528 484 καταλόγου
1542 433 1640 472 οὐδὲν
1657 431 1927 471 διαλλάττουσα.
1941 433 2067 470 Ταῦτα
2081 434 2151 470 τῶν
2166 433 2366 486 Χρυσοστό·

1333 502 1400 537 μου
1418 486 1462 525 τὰ
1477 488 1561 538 παρ’
1579 485 1672 536 ἐμοί.
1692 486 1734 525 Εἰ
1754 485 1790 524 δέ
1805 501 1885 523 τινα
1903 487 1972 524 τῶν
1988 486 2120 524 ἐκείνου
2136 485 2233 538 παρὰ
2251 488 2363 526 ταῦτα

1333 539 1392 577 καὶ
1416 538 1515 592 παρὰ
1540 540 1589 591 τῷ
1618 538 1960 590 παναιδεσιμωτάτῳ
1985 538 2045 576 καὶ
2071 538 2265 591 σοφωτάτῳ
2283 540 2364 578 ἐπι-

1334 592 1456 645 σκόπῳ
1473 595 1524 630 τῶ
1545 592 1704 644 Λογγίνῳ
1721 591 2054 643 ἐντεθησαύρισται,
2079 592 2141 642 ἐμὲ
2161 593 2264 630 τοῦτο
2290 591 2363 631 διέ-

1331 646 1431 684 λαθε.
1452 634 1520 683 Kal
1535 646 1565 682 εἰ
1580 647 1707 688 ἐκεῖνος
1721 644 1899 697 Ἰἰνετίῃσι
1920 643 1982 686 τὰς
2001 643 2182 696 διατριὸὰς
2198 645 2362 693 ἐποιεῖτο,

1333 699 1429 750 τάχα
1443 700 1506 737 οὒκ
1524 698 1564 735 ἂν
1585 701 1670 748 ἡμῖν
1693 701 1752 736 τοῦ
1773 700 1948 749 θησαυροῦ
1969 696 2130 736 ἀνένευσε
2145 695 2211 743 τὴν
2227 697 2361 737 διάνοι-

1336 750 1399 795 ξιν.
1432 753 1506 789 Νῦν
1525 750 1561 789 δὲ
1580 755 1641 789 τοῦ
1667 751 1957 800 ἐμπιστευθέντος
1981 744 2017 788 οἷ
2039 749 2204 801 ποιμνίου
2222 752 2267 796 τῆ
2295 766 2363 804 φυ-

1332 805 1426 854 λακῇ
1448 804 1775 894 παρῗκαθεζόμενος
1788 834 1797 850 ,
1825 803 1996 855 δύσπορον
2017 806 2102 854 ἡμῖν
2127 793 2279 842 ποιεῖται
2297 802 2364 857 τὴν

1333 856 1485 908 ἔρευναν.
1544 857 1728 908 ειράσομαι
1748 856 1783 895 δὲ
1801 855 1846 895 τὰ
1861 855 1991 895 δυνατὰ
2003 886 2013 902 ,
2035 855 2067 894 εἴ
2084 855 2163 894 τινά
2188 871 2257 895 που
2275 859 2361 895 κᾶν·

1333 913 1452 948 τεῦΟεν
1473 908 1579 961 πόρον
1604 909 1786 962 ἐφεύροιμι
1802 913 1862 948 τοῦ
1882 908 2096 959 ζητήματος.
2117 907 2202 955 Τὸν,
2221 902 2251 963 ᾧ
2277 908 2364 962 πρὸς

1286 969 1312 1000 D
1335 962 1397 1013 ἐμὲ
1430 962 1474 1001 τὰ
1503 961 1700 1014 γράμματα
1735 961 1932 1010 ἐπέθηκας,
1959 965 2090 1013 γνῶναι
2120 963 2183 1001 οὐκ
2210 960 2363 1015 ἴσχυσα-

1335 1015 1477 1068 ἐφῦάκει
1495 1014 1564 1067 γὰρ
1583 1015 1680 1066 ἄλλῳ
1696 1030 1759 1068 τῳ,
1779 1014 1848 1068 πρὸ
1862 1019 1922 1053 τοῦ
1941 1021 2142 1068 nepveu-seb
2160 1030 2234 1065 μοι,
2255 1014 2300 1053 τὰ
2319 1016 2364 1054 σὰ

1335 1068 1506 1111 δεδωκώς.
1535 1070 1582 1106 Οἱ
1602 1071 1662 1105 τοῦ
1683 1069 1858 1120 Κυρίλλου
1886 1068 2056 1120 θησαυροὶ
2079 1062 2251 1112 σώζονται
2278 1071 2362 1120 παρ’

1335 1121 1424 1172 ἐμοί.
1447 1120 1672 1160 Ἀπαιδεύτου
1696 1121 1732 1159 δὲ
1750 1125 1810 1159 τοῦ
1836 1120 1996 1174 γραφέως
2012 1121 2201 1173 τυγόντες,
2230 1122 2365 1169 πολλὴν

1334 1176 1371 1212 ἐν
1390 1177 1525 1217 ἑαυτοῖς
1539 1173 1763 1226 ἐπιφέρονται
1781 1174 1845 1221 τὴν
1862 1172 2043 1226 διαφοράν.
2070 1166 2113 1212 Εἰ
2133 1172 2170 1212 δέ
2188 1188 2246 1213 σοι
2262 1179 2366 1214 τοῦτο

1334 1227 1470 1281 χαρίεν,
1492 1229 1570 1278 μετ’
1599 1228 1637 1265 οὗ
1665 1228 1754 1265 πολὺ
1773 1227 2056 1279 περ-φθήσονται.
2076 1225 2170 1267 Ἀλλ’
2190 1227 2364 1280 ivri-twyd-

1333 1296 1408 1324 ναις
1423 1280 1492 1333 πρὸ
1507 1279 1640 1318 τούτων
1656 1279 1720 1327 τὴν
1738 1280 1874 1319 ἔκδοσιν
1893 1282 1964 1317 τῶν
1985 1279 2129 1318 Φωτίου
2149 1273 2345 1319 ἐπιστολιῗῖν
2356 1297 2363 1302 ·

1333 1334 1394 1372 καί
1407 1350 1465 1384 μοι
1485 1333 1729 1383 διαμηνύσαις,
1745 1332 1822 1371 εἴτι
1842 1332 1917 1371 νέον
1936 1333 2045 1385 μέχρι
2062 1332 2186 1371 τούτου
2198 1332 2365 1385 περὶτῶν

1333 1387 1429 1436 ἐμῶν
1456 1386 1743 1437 συγγραμμάτων
1774 1389 1844 1424 τῶν
1871 1385 1968 1438 παρὰ
1997 1389 2058 1424 τοῦ
2091 1390 2198 1439 σοφοῦ
2229 1385 2363 1425 ἐκείνου

1333 1439 1455 1491 ἀνδρός
1481 1455 1534 1477 σοι
1567 1438 1792 1477 ἐπέσταλται.
1816 1439 1884 1477 Καὶ
1903 1441 1922 1476 ὁ
1940 1438 2063 1491 παρὼν
2090 1439 2126 1478 δὲ
2151 1439 2275 1490 λόγος,
2301 1441 2366 1487 τῆς

1332 1492 1429 1544 παρὰ
1449 1492 1503 1530 σοὶ
1523 1491 1676 1542 βασάνου
1704 1491 1834 1544 τυχὼν,
1866 1491 2087 1541 δοκιμασθεὶς
2105 1491 2183 1542 μὲν,
2201 1498 2274 1536 τοῖς
2291 1492 2366 1530 λοι·

1333 1551 1411 1588 ποῖς
1430 1544 1742 1597 συναριθμηῡήτω·
1763 1546 1793 1582 εἰ
1813 1544 1845 1582 δ’
1863 1538 1921 1582 οὖν
1947 1544 2001 1595 [s.
2035 1546 2066 1582 εἰ
2090 1545 2122 1582 δ’
2151 1544 2234 1596 οὗ],
2266 1546 2366 1596 βαθεῖ

1333 1598 1567 1650 παραδοῡήτω
1604 1597 1731 1650 σκότῳ.
1769 1597 1991 1649 Ἰἰῤῥωμένον
2020 1612 2058 1635 σε
2088 1596 2318 1650 διαφυλάττοι
2345 1600 2365 1637 ὂ

1335 1651 1462 1702 Κύριος
1482 1652 1580 1703 ψυχῇ
1593 1666 1630 1688 τε
1641 1651 1699 1688 καὶ
1713 1648 1865 1700 σώματι,
1877 1650 2010 1702 ἀνδρῶν
2030 1649 2213 1703 coqu-'ituri
2230 1665 2292 1716 {¹⁵⁰⁸
2306 1650 2367 1689 καὶ

1333 1703 1542 1754 λογιώτατε.
1573 1703 1772 1750 Ἰίνετίηῡεν
1785 1732 1795 1750 ,
1828 1702 1944 1741 Μαΐου
1974 1702 2079 1756 ὀγδόῃ
2111 1704 2301 1755 ἱσταμινου
2326 1703 2367 1743 τὸ

251 2098 298 2121 272

1336 1755 1419 1810 (ηδ’
1439 1756 1513 1800 ἔτος
1532 1755 1572 1794 τὸ
1590 1755 1774 1808 σωτήριον.

366 1952 433 1990 llic
451 1951 605 2004 paucula
623 1960 705 1990 sunt
724 1965 802 2003 quae
817 1948 1015 1989 divinando
1030 1947 1203 1988 vertimus
1219 1962 1227 1993 ;
1249 1960 1312 1986 nec
1331 1945 1465 1986 mirum
1483 1945 1513 1987 si
1533 1961 1595 1987 nos
1617 1961 1736 1987 rerum
1765 1946 1909 1986 illarum
1933 1946 2074 2000 ignaros
2090 1945 2230 1999 aliquid
2244 1946 2365 1994 lateat,

313 2012 454 2063 quando
474 2013 631 2051 Savilius
650 2013 712 2063 qui
728 2012 800 2050 haec
818 2011 953 2064 optime
967 2010 1131 2056 callebat,
1149 2009 1194 2048 de
1214 2009 1321 2047 unius
1335 2007 1403 2047 loci
1417 2022 1520 2047 sensu
1534 2008 1701 2047 dubitare
1717 2023 1754 2047 se
1773 2008 1994 2047 testificatur.

370 2091 387 2108 α
407 2073 473 2112 llis
494 2074 602 2124 igitur
619 2072 764 2110 adducti
795 2072 993 2110 rationibus
1007 2070 1142 2124 (pergit
1157 2069 1317 2109 Savilius
1329 2074 1355 2117 )‚
1376 2070 1467 2108 inter
1486 2084 1650 2122 germana
1667 2070 1915 2124 Chrysostomi
1930 2069 2028 2109 hisce
2045 2068 2187 2109 duabus
2205 2069 2367 2109 homiliis

315 2134 432 2172 locum
445 2132 584 2171 damus:
599 2142 741 2171 rectean
749 2146 864 2178 secus,
880 2146 984 2185 penes
991 2131 1150 2170 eruditos
1160 2130 1338 2184 judicium
1349 2140 1421 2169 esto
1436 2148 1443 2168 :
1459 2145 1539 2169 nam
1553 2146 1610 2169 eas
1622 2133 1814 2178 l·*ronto‚ut
1824 2130 2072 2184 vide0,rejecit
2083 2129 2369 2182 ὖποὸολιμαίοιυς.

315 2196 425 2233 Porro
442 2209 514 2240 eas,
530 2197 786 2247 cujuscumque
803 2202 884 2231 sunt
898 2192 952 2240 (id
970 2193 1064 2231 enim
1082 2192 1116 2230 in
1136 2191 1253 2230 medio
1266 2191 1443 2243 relinquo)
1457 2192 1670 2231 exhibemus
1684 2207 1732 2231 ex
1752 2192 1886 2232 Codice
1904 2193 2016 2245 Regio
2039 2192 2153 2232 Paris.
2172 2191 2370 2245 descriptas

313 2264 348 2293 et
381 2269 426 2293 ex
452 2254 594 2293 duobus
622 2253 740 2292 Codd.
764 2253 1027 2292 Viennensibus
1055 2254 1271 2302 castigatas:
1293 2251 1425 2302 quibus
1453 2261 1672 2290 accesserunt
1700 2253 1736 2291 in
1767 2252 1865 2293 hisce
1890 2255 1984 2293 notis
2012 2254 2120 2294 variae
2151 2253 2316 2293 lection&
2335 2252 2370 2291 in

316 2316 470 2368 priorem
496 2329 540 2353 ex
569 2313 774 2367 apographo
792 2313 982 2351 Orientali.
1007 2327 1025 2348 ι
1048 2313 1225 2351 Hactenus
1245 2313 1417 2358 savinus,
1439 2314 1501 2363 qui
1533 2326 1570 2351 se
1596 2314 1726 2351 fatetur
1744 2315 1899 2353 aliorum
1918 2316 2127 2354 auctoritate
2155 2314 2368 2362 abductum,

317 2391 359 2415 ne
373 2377 503 2419 νοθείας
522 2375 699 2414 caleulum
718 2375 835 2413 ferret.
848 2374 1007 2413 Priorem
1024 2383 1141 2412 autem
1157 2374 1218 2411 ille
1233 2372 1418 2412 homiliam
1434 2373 1678 2425 Chrysostomi
1697 2376 1868 2428 operibus
1889 2375 1983 2428 stylo
1993 2375 2262 2415 dissimiliorem
2277 2376 2373 2415 affir-

317 2447 403 2476 mat.
426 2438 471 2476 Et
490 2451 572 2475 vere
589 2436 687 2489 prior
705 2435 854 2474 homilia
874 2449 942 2473 non
959 2449 1068 2488 pauca
1091 2433 1229 2487 prrel'ert
1247 2433 1378 2481 sutilia,
1397 2443 1429 2471 et
1444 2435 1699 2487 Chrysostomo
1716 2435 1877 2488 indigna.
1897 2438 2060 2487 Utraque
2078 2445 2193 2476 tamen
2210 2447 2262 2477 ωε
2280 2439 2374 2492 ejus-

316 2498 397 2537 dem
417 2498 615 2551 scriptoris,
633 2506 670 2535 ut
686 2511 730 2535 ex
748 2495 789 2534 iis
804 2511 883 2548 qua:
904 2496 1005 2534 initio
1023 2494 1186 2534 secund-e
1203 2495 1385 2546 leguntur,
1406 2494 1587 2547 liquidum
1606 2506 1657 2535 est
1681 2515 1688 2534 :
1712 2512 1825 2549 neque
1846 2498 1919 2536 ulla
1937 2497 1982 2537 de
1993 2513 2033 2538 ea
2048 2513 2085 2538 re
2101 2508 2215 2552 potest
2231 2508 2372 2539 contro-

316 2559 430 2597 versia
451 2559 599 2597 moveri.
621 2558 659 2597 Si
678 2566 795 2596 autem
814 2557 988 2611 posterior
1002 2557 1161 2595 melioris
1176 2567 1265 2595 notae
1285 2555 1464 2602 videatur,
1485 2557 1551 2595 hoe.
1573 2558 1651 2597 ideo
1667 2559 1810 2605 accidit,
1823 2559 1920 2610 quod
1940 2559 2102 2598 secunda:
2116 2560 2276 2609 initium,
2293 2560 2373 2612 qui-

317 2619 469 2658 busdam
487 2619 647 2663 mutatis,
664 2633 709 2657 ex
723 2618 824 2657 initio
841 2618 1021 2671 vigesimae
1039 2616 1201 2657 secunda:
1215 2617 1459 2669 Chrysostomi
1478 2619 1511 2657 in
1525 2621 1695 2658 Genesim
1716 2621 1873 2659 homilia·
1891 2622 1935 2660 sit
1947 2621 2168 2661 desumtum.
2181 2621 2372 2674 Sequentia

319 2681 402 2718 item
424 2680 570 2718 meliora
585 2679 768 2726 videntur,
788 2693 895 2731 quam
910 2679 1057 2718 homilia
1076 2679 1206 2732 prima,
1227 2692 1312 2729 quta
1332 2679 1521 2718 Gra-culus
1542 2681 1602 2719 ille
1621 2683 1682 2733 qui
1705 2683 2001 2729 Chry-sostenium
2021 2683 2079 2722 hic
2100 2682 2290 2722 ementitus
2302 2692 2370 2730 est.

320 2751 432 2780 totum
445 2740 748 2781 Commentarium
765 2740 985 2779 Theodoreti
1003 2740 1038 2778 in
1061 2739 1240 2779 Psalmum
1260 2741 1311 2779 50
1326 2740 1360 2777 in
1379 2738 1443 2778 hac
1465 2740 1671 2792 longissima
1690 2729 1838 2782 homilia
1860 2744 2028 2783 inseruit:
2042 2758 2123 2796 quae
2140 2758 2226 2784 vero
2243 2742 2289 2783 de
2306 2757 2374 2784 suo

318 2803 472 2848 addidit,
493 2817 562 2842 non
576 2811 658 2841 sunt
674 2811 767 2842 certe
785 2802 931 2841 meliora
951 2802 994 2841 iis
1009 2802 1070 2854 qui
1091 2802 1127 2840 in
1147 2800 1265 2854 priore
1283 2800 1428 2839 homilia
1450 2802 1565 2840 t‘iitilia
1596 2818 1670 2842 esse
1689 2804 2021 2857 deprehenduntur.
2043 2805 2082 2845 Si
2101 2804 2176 2843 haec
2205 2802 2369 2843 animad-

318 2864 481 2903 vertisset
501 2863 676 2912 Savilius,
698 2862 941 2902 incunctanter
959 2863 1081 2901 ambas
1102 2862 1191 2901 inter
1208 2861 1330 2914 spuria
1349 2862 1535 2915 posuisset.
1557 2865 1800 2918 Quamobrem
1821 2879 1900 2910 nos.
1924 2875 1961 2904 ut
1989 2880 2055 2919 par
2077 2874 2166 2914 erat,
2187 2874 2374 2917 utramque
2410 2879 2412 2884 ’

320 2925 410 2963 inter
426 2925 547 2978 spuria
567 2939 673 2978 opera
693 2924 953 2976 ablegavimus.
971 2925 1063 2963 Nam
1082 2924 1194 2962 amba:
1215 2923 1262 2961 ita
1278 2937 1297 2961 a
1316 2923 1559 2976 Chrysostomi
1581 2927 1674 2978 stylo
1694 2927 1902 2974 abhorrent,
1915 2936 1952 2965 ut
1966 2928 2097 2966 Fronto
2109 2928 2277 2973 Dura-us,
2291 2927 2376 2967 licet

320 2986 410 3024 hanc
427 2996 639 3039 postremam
656 2986 814 3025 Graeculi
833 2985 994 3025 fraudem
1013 2999 1083 3024 non
1097 2984 1389 3024 animadvertisse
1407 2984 1584 3031 videatur.
1598 3001 1655 3025 eas
1671 2997 1769 3025 extra
1785 3001 1973 3026 numerum
1991 3001 2238 3037 germanarum
2254 2987 2376 3028 homi-

323 3046 451 3084 liarum
471 3046 636 3085 ediderit.
662 3048 752 3085 Loca
770 3060 853 3085 vero
868 3044 1098 3091 Theodoreti,
1116 3060 1194 3097 quae
1211 3045 1403 3085 maximam
1416 3046 1573 3086 homilia:
1589 3057 1723 3101 partem
1739 3050 1973 3095 constituunt,
1990 3049 2080 3088 inter
2096 3050 2244 3088 uncinos
2256 3049 2378 3103 posui·
2407 3035 2410 3043 .

324 3121 418 3151 mus,
431 3116 463 3144 et
479 3107 512 3144 in
534 3108 693 3158 margine
708 3107 971 3146 annotavimus.
982 3107 1039 3146 Ex
1050 3107 1094 3145 iis
1104 3122 1211 3160 porro
1229 3121 1308 3158 qua:
1324 3105 1485 3147 diximus
1496 3108 1607 3160 liquet
1622 3108 1684 3148 has
1698 3108 1787 3148 duas
1798 3109 1965 3149 homilias
1978 3123 2046 3149 non
2059 3109 2225 3150 debuisse
2237 3110 2375 3149 annecti

326 3167 491 3206 llomiliis
510 3168 555 3207 de
574 3169 794 3222 paenitentia,
818 3178 856 3207 ut
873 3167 1022 3221 quidam
1043 3169 1222 3209 volebant.

379 3230 702 3282 Interpretationem
722 3230 885 3271 Latinam
900 3231 1026 3271 Jacobi
1045 3231 1145 3271 Billii
1163 3231 1287 3272 multis
1308 3232 1343 3271 in
1364 3231 1451 3272 loeis
1463 3231 1671 3285 castigatam
1692 3247 1711 3271 e
1731 3232 1871 3286 regione
1892 3234 2100 3274 Graecorum
2120 3231 2298 3287 ponimus.

2401 3189 2407 3256 Ι
