2383 3751
761 112 1001 144 EXPOSITIO
1039 112 1083 142 {N

64 216 150 240 νωσε
166 229 174 247 ,
193 201 232 238 τὸ
252 202 287 238 ἐν
307 202 418 252 καιρῷ
437 200 631 251 πειρασμοῦ
659 197 718 236 καὶ
744 197 844 235 νόσου
875 196 934 233 καὶ
964 195 1085 238 πενίας

62 262 314 314 ἀπερίτρεπτον
347 263 496 314 φανῆναι
531 259 593 306 τὴν
630 258 790 310 γνώμην,
830 257 989 295 ἄσειστον
1022 256 1084 302 τὴν

63 325 228 370 διάνοιαν,
259 325 298 362 τὸ
325 320 577 374 εὐχαριστήρια
605 323 656 371 τῷ
690 322 772 372 Θεῷ
804 320 997 370 ἀνενεγκεῖν
1022 317 1086 370 ῥή-

64 401 182 435 ματα,
202 385 260 423 καὶ
294 383 357 430 τὴν
382 380 624 432 πνευματικὴν
643 381 776 428 ἐκείνην
808 380 941 418 θυσίαν.
970 379 1087 418 Θυσία

62 445 129 498 γὰρ
150 441 191 493 ἦν
221 445 264 483 τὰ
286 444 426 496 ῥήματα
448 444 552 480 αὐτοῦ
566 472 575 488 ,
597 442 685 493 ἅπερ
715 442 828 493 ἔλεγεν
844 457 852 464 ·
883 441 928 479 ‘O
961 440 1088 492 Κύριος

62 506 202 555 ἔδωκεν,
218 510 235 545 ὁ
251 506 378 557 Κύριος
392 503 552 556 ἀφείλετο
568 519 574 527 ·
592 505 638 546 ὡς
657 507 706 555 τῷ
724 503 842 555 Κυρίῳ
862 501 985 548 ἔδοξεν,
998 502 1088 539 οὕτω

63 568 122 605 καὶ
148 567 304 618 ἐγένετο·
335 566 387 612 εἴη
421 566 460 603 τὸ
491 565 600 615 ὄνομα
629 564 756 616 Κυρίου
789 563 1020 614 εὖλογημένον
1040 565 1088 606 εἷς

61 628 140 673 τοὺς
160 631 298 672 αἰῶνας.
316 627 366 665 ζῸ
383 626 424 673 δὴ
445 626 503 665 καὶ
522 629 622 676 ἡμεῖς
650 626 703 663 ἀεὶ
725 628 893 676 ποιῶμεν,
911 627 946 662 ἐν
962 641 1086 676 πειρα-

63 696 180 741 σμοῖς,
206 691 241 727 ἐν
260 688 519 740 περιστάσεσιν,
545 689 579 725 ἐν
600 687 799 730 ἐπιδουλαῖς
813 686 1010 731 δοξάζοντες
1028 687 1086 725 τὸν
1108 700 1132 729 D

62 751 168 798 Θεὸν,
191 750 249 789 καὶ
267 751 484 801 εὐλογοῦντες
504 750 688 796 διηνεκῶς·
711 748 763 787 ὅτι
784 750 880 800 αὐτῷ
899 750 921 795 ἡ
941 747 1020 792 δόξα
1039 750 1088 791 εἷς

61 811 138 855 τοὺς
157 814 284 854 αἰῶνας
300 813 367 849 τῶν
387 810 534 848 αἰώνων.
559 809 678 860 Ἀμήν.

295 1556 377 1594 ΕΙΣ
404 1556 507 1594 TON
536 1554 578 1599 ς’.
600 1556 838 1594 ΨΑΑΜΟΝ.

57 1679 185 1733 Κύριε,
211 1678 258 1730 μὴ
289 1681 339 1732 τῷ
359 1681 457 1732 θυμῷ
477 1694 537 1718 σου
561 1677 703 1730 ἐλέγξῃς
731 1693 798 1728 με,
819 1677 908 1728 μηδὲ
933 1680 976 1730 τῇ
995 1680 1081 1732 ὀργῇ

393 1757 453 1779 σου
471 1740 662 1791 παιδεύσῃς
685 1755 741 1791 με.

109 1862 221 1902 αΟταν
248 1862 399 1914 ἀκούσῃς
423 1861 530 1913 θυμὸν
550 1861 609 1900 καὶ
628 1861 733 1914 ὀργὴν
753 1862 811 1900 ἐπὶ
831 1864 948 1911 Θεοῦ,
973 1862 1081 1913 μηδὲν

55 1921 269 1974 ἀνθρώπινον
282 1920 503 1971 ὑποπτεύσῃς
517 1937 524 1944 ·
545 1920 838 1972 συγκαταὸάσεως
855 1921 923 1974 γάρ
943 1924 1018 1959 ἐστι
1037 1921 1082 1959 τὰ

55 1983 208 2036 ῥήματα.
231 1982 298 2020 Καὶ
317 1982 385 2034 γὰρ
401 1982 440 2020 τὸ
461 1984 565 2020 Θεῖον
581 1983 744 2020 ἁπάντων
764 1982 895 2020 τούτων
913 1983 1080 2029 ἀπήλλα-

53 2060 144 2082 κται.
166 2044 373 2094 Διαλέγεται
390 2043 424 2082 δὲ
442 2042 568 2088 οὕτως,
585 2044 675 2081 ὥστε
691 2043 914 2096 καθάψασθαι
932 2047 994 2090 τῆς
1010 2047 1078 2082 τῶν
1101 2059 1124 2089 Ε

51 2104 257 2157 παχυτέρων
279 2103 440 2147 διανοίας.
461 2103 563 2142 Ἐπεὶ
592 2103 650 2141 καὶ
669 2108 770 2155 ἡμεῖς
786 2104 866 2143 ὅταν
889 2105 1081 2157 βαρὸάροις

51 2166 290 2218 διαλεγώμεθα
305 2194 314 2211 ,
331 2167 374 2216 τῇ
393 2164 530 2203 ἐκείνων
547 2164 715 2216 χρώμεθα
728 2164 868 2218 γλώττῃ
883 2182 891 2190 ·
913 2165 977 2205 κᾶν
994 2167 1080 2219 πρὸς

50 2227 185 2267 παιδίον
215 2225 443 2280 φθεγγώμεθα
461 2255 470 2273 ,
492 2226 784 2279 συμψελλίζομεν,
819 2227 883 2265 κᾶν
916 2227 1080 2279 μυριάκις

49 2282 144 2340 ὦμεν
164 2287 278 2340 σοφοὶ,
308 2288 394 2339 πρὸς
425 2286 488 2334 τὴν
508 2287 640 2325 ἐκείνου
662 2288 989 2340 συγκαταὸαίνομεν
1013 2305 1077 2327 τα-

48 2351 249 2397 πεινότητα.
270 2349 340 2388 Καὶ
356 2348 390 2387 τί
410 2348 608 2399 θαυμαστὸν
629 2351 658 2386 εἰ
681 2349 816 2401 ῥήμασι
833 2354 935 2388 τοῦτο
954 2354 1077 2388 ποιοῦ-

51 2427 126 2463 μεν,
141 2411 226 2450 ὅπου
245 2427 284 2462 γε
304 2410 362 2448 καὶ
377 2411 410 2448 ἐν
432 2409 636 2462 πράγμασι,
658 2410 717 2448 καὶ
736 2417 856 2463 χεῖρας
875 2412 1074 2460 δάκνοντες,

48 2472 106 2511 καὶ
120 2472 226 2523 θυμὸν
243 2470 507 2522 ὑποκρινόμενοι
518 2500 527 2517 ,
543 2470 635 2509 ὥστε
656 2472 843 2523 διορθῶσαι
860 2472 899 2510 τὸ
914 2473 1072 2521 παιδίον;

48 2533 153 2571 Οὕτω
191 2532 231 2579 δὴ
261 2532 319 2570 καὶ
346 2535 363 2570 ὃ
393 2532 483 2574 (θεὸς
516 2531 739 2584 καθάψασθαι
770 2535 837 2570 τῶν
865 2535 1073 2586 παχυτέρων

49 2594 276 2645 βουλόμενος,
309 2592 476 2636 τοιούτοις
513 2592 682 2644 κέχρηται
720 2594 885 2646 ῥήμασιν.
916 2598 969 2634 Οὐ
1007 2596 1073 2648 γὰρ

47 2654 131 2706 πρὸς
161 2654 223 2702 τὴν
246 2653 344 2698 ἀξίαν
364 2653 426 2701 τὴν
458 2656 579 2692 ἑαυτοῦ
600 2654 808 2706 φθέγγεσθαι
825 2660 837 2675 ³
851 2657 1074 2703 ἐσπούδαζεν,

47 2715 136 2754 ἀλλὰ
163 2715 249 2768 πρὸς
280 2715 342 2762 τὴν
367 2715 535 2767 ὠφέλειαν
564 2717 634 2752 τῶν
655 2715 862 2754 ἀκουόντων.
884 2717 986 2756 'Emi
1014 2719 1073 2756 καὶ

46 2776 84 2815 τὸ
110 2776 279 2829 ἀόργητον
306 2778 410 2814 αὐτοῦ
442 2777 596 2827 ἀλλαχοῦ
625 2776 730 2814 πάλιν
762 2778 915 2823 δεικνὺς,
947 2779 1044 2831 ἔλεγε
1065 2796 1072 2803 ·

47 2838 107 2886 Μὴ
136 2839 196 2890 ἐμὲ
220 2838 316 2876 αὐτοὶ
335 2838 582 2890 παροργίζουσι
597 2867 605 2882 ,
626 2838 703 2890 οὐχὶ
724 2838 758 2876 δὲ

45 2903 118 2943 πῶς
151 2899 293 2937 ἐῧούλου
325 2900 427 2938 αὐτὸν
447 2899 666 2950 διαλέγεσθαι
695 2905 766 2942 τοῖς
797 2900 993 2948 Ἰουδαίοις,
1019 2902 1072 2941 ὅτι

776 2840 917 2883 ἑαυτούς
929 2858 937 2887 ;
960 2841 1010 2879 Σὺ
1037 2842 1072 2880 δὲ

45 2962 106 2998 οὐκ
120 2960 315 3013 ὀργίζεται,
336 2960 412 2998 οὐδὲ
434 2966 528 3012 μισεῖ
549 2959 627 3002 τοὺς
647 2960 839 3012 πονηρούς;
861 2963 919 2999 καὶ
940 2963 1008 3016 γὰρ
1028 2964 1067 3001 τὸ

47 3027 144 3071 μῖσος
163 3021 269 3064 πάθος
300 3021 415 3059 ἐστίν·
450 3021 526 3059 οὐδὲ
563 3023 668 3073 ἐφορᾷ
699 3021 742 3058 τὰ
763 3022 986 3074 ἀνθρώπινα,
1009 3026 1067 3062 καὶ

43 3085 109 3135 γὰρ
125 3082 163 3120 τὸ
178 3087 259 3135 ὁρᾷν
277 3082 345 3120 ἀπὸ
360 3085 427 3120 τῶν
443 3083 616 3132 σωμάτων
633 3083 814 3130 εἴληπται·
831 3085 907 3122 οὐδὲ
927 3086 1043 3124 ἀκούει
1057 3104 1065 3132 ;

45 3143 102 3181 καὶ
122 3143 188 3196 γὰρ
215 3143 273 3181 καὶ
292 3148 392 3181 τοῦτο
413 3144 482 3182 ἀπὸ
501 3147 563 3189 τῆς
583 3144 721 3196 σαρκός.
745 3145 835 3182 Ἀλλ’
856 3146 924 3183 ἀπὸ
943 3147 1065 3185 τούτου

44 3207 191 3256 πονηρὸν
210 3205 249 3242 ἂν
271 3205 382 3256 δόγμα
398 3205 535 3257 ἐπήχθη
558 3206 685 3257 ἕτερον,
705 3207 743 3244 τὸ
761 3209 958 3260 ἀπρονόητα
981 3205 1067 3249 εἶναι

87 3322 99 3336 ’·
125 3313 203 3353 Rvg.
218 3321 249 3343 νι,
266 3312 366 3347 Smil.
387 3316 570 3347 ἐσπούὖνκευ·

1093 2580 1107 2606 [ι
1111 2580 1124 2600 0

1097 2616 1121 2646 Λ

1119 112 1329 143 PSALMUM
1365 114 1430 144 VI.

2053 109 2111 167 47

1157 204 1247 245 tans,
1265 204 1304 233 ut
1320 195 1488 234 acerbum
1498 196 1644 248 aliquod
1653 197 1805 236 verbum
1823 199 1997 239 dicamus.
2009 204 2116 243 Tunc

1158 255 1315 294 maxime
1331 269 1394 294 nos
1416 257 1550 295 muniri
1575 268 1726 310 oportet,
1746 259 1814 310 tegi
1832 260 1955 309 lorica,
1976 262 2115 314 clypeo,

1159 315 1275 367 galea,
1289 324 1322 353 ct
1347 317 1456 355 armis
1481 318 1634 368 caeteris,
1649 328 1682 356 et
1702 329 1870 372 perpetuo
1890 322 1966 358 Deo
1986 323 2117 371 gratias

1158 391 1273 428 agere.
1298 377 1382 415 Haec
1412 387 1493 415 sunt
1524 379 1736 429 gravissima
1764 396 1842 432 quae
1868 382 1904 418 in
1928 381 2115 421 diabolum

1157 448 1368 490 torquentur
1392 439 1472 488 tela,
1487 440 1546 478 hic
1572 451 1623 479 est
1648 442 1740 480 ictus
1760 443 1795 480 in
1822 443 2019 482 daemonem
2041 460 2116 483 cer-

1157 500 1329 549 tissimus,
1344 509 1428 537 tunc
1443 510 1525 538 sunt
1545 516 1680 540 coronae
1694 504 2000 555 splendidissimae.
2022 507 2115 544 Nam

1157 561 1264 598 etiam
1283 561 1429 598 beatum
1455 562 1524 601 Job
1541 563 1656 610 (nihil
1673 565 1767 602 enim
1786 575 1880 603 vetat
1900 581 1970 617 quo
1996 568 2115 605 minus

1156 620 1202 658 acl
1213 635 1294 658 eum
1305 636 1429 659 rursus
1442 623 1690 674 confugiamus
1703 629 1714 673 )
1726 625 1793 663 hoc
1807 627 1964 665 maxime
1979 628 2115 666 clarum

1156 681 1326 731 reddidit,
1344 683 1412 720 hoc
1431 685 1602 722 maximis
1628 685 1798 724 laudibus
1825 688 1954 737 affecit,
1971 689 2040 727 hoc
2057 703 2115 727 co-

1156 744 1309 794 ronavit,
1322 744 1419 795 quod
1432 755 1593 798 tempore
1609 748 1826 797 tentationis,
1843 750 1959 787 morbi
1974 760 2007 788 et
2026 765 2114 802 pau-

1156 805 1313 857 pertatis,
1327 806 1545 844 immutabili
1570 808 1747 859 ejusmodi
1763 810 1882 847 animo
1896 811 2113 862 apparuerit,

1156 875 1190 904 et
1213 876 1330 904 mente
1356 867 1573 917 immobilis,
1594 870 1725 920 quibus
1756 871 1887 921 gratias
1900 881 2018 923 ageret
2038 874 2114 910 Deo

1156 928 1263 966 verba
1292 929 1475 978 obtulerit,
1496 939 1529 967 et
1556 930 1742 982 spirituale
1768 932 1860 970 illud
1886 934 2113 972 sacrificium.

1157 988 1270 1026 Erant
1294 990 1389 1027 enim
1403 990 1621 1028 sacrificium
1641 992 1749 1030 verba
1778 994 1875 1045 ejus,
1893 1009 1970 1045 quat·
1988 995 2083 1032 dixit
2104 1011 2112 1031 :

1157 1051 1351 1088 Dominus
1388 1053 1494 1089 dedit
1509 1083 1518 1100 ,
1546 1054 1741 1091 Dominus
1783 1056 1946 1093 abstulit
1974 1072 1983 1093 :
2015 1060 2113 1095 sicut

1158 1111 1329 1148 Domino
1353 1113 1515 1161 placuit,
1536 1116 1592 1151 ita
1609 1116 1772 1166 factum
1798 1125 1855 1153 est
1878 1133 1885 1153 :
1908 1120 1957 1154 sit
1975 1132 2114 1156 nomen

1158 1172 1321 1209 Domini
1352 1176 1591 1212 benedictum
1611 1178 1651 1212 itz
1672 1178 1831 1214 saecula.
1849 1179 1955 1224 Quod
1969 1179 2114 1229 quidem

1158 1246 1221 1270 nos
1242 1248 1384 1284 quoque
1408 1249 1547 1287 semper
1574 1236 1759 1285 faciamus,
1777 1238 1813 1275 in
1843 1240 2113 1289 tentationibus,

1157 1292 1193 1330 in
1214 1294 1488 1344 calamitatibus,
1509 1296 1544 1333 in
1565 1296 1707 1335 insidiis
1729 1299 1845 1336 Deum
1863 1300 1975 1350 gloria
1995 1310 2029 1338 et
2048 1301 2112 1339 ho-

1156 1367 1239 1391 nore
1261 1355 1466 1405 afficientes,
1481 1365 1514 1394 et
1538 1368 1710 1410 perpetuo
1741 1360 1985 1400 benedicentes
2001 1378 2008 1399 :
2024 1377 2112 1414 quo—

1156 1414 1253 1453 niam
1271 1416 1302 1454 ei
1322 1416 1436 1468 gloria
1455 1417 1492 1455 in
1512 1419 1639 1457 saecula
1661 1421 1883 1460 saeculorum.
1906 1425 2028 1461 Amen.

1271 1564 1541 1605 EXPOSITIO
1571 1567 1622 1605 IN
1651 1569 1896 1610 PSALMUM
1924 1574 1990 1613 VI.

1152 1679 1321 1731 Domine,
1337 1694 1380 1720 ne
1409 1681 1445 1719 in
1472 1682 1592 1720 furore
1620 1692 1682 1721 tuo
1707 1698 1839 1736 arguas
1856 1701 1929 1737 me,
1945 1701 2057 1740 neque
2073 1688 2109 1726 in

1433 1743 1485 1780 ira
1501 1752 1561 1781 tua
1576 1745 1745 1797 corripias
1761 1761 1827 1785 me.

1206 1865 1241 1901 1.
1272 1863 1425 1910 Quando
1448 1865 1604 1903 furorem
1637 1875 1669 1904 et
1693 1867 1783 1906 iram
1805 1868 1850 1906 de
1866 1870 1941 1907 Deo
1960 1870 2106 1910 audive-

1149 1924 1210 1973 ris,
1229 1925 1321 1962 nihil
1340 1925 1540 1966 humanum
1558 1928 1748 1980 suspiceris
1763 1946 1770 1966 :
1784 1940 1862 1967 sunt
1885 1932 1977 1969 enim
1997 1934 2106 1971 verba

1148 1985 1279 2036 quibus
1307 2000 1342 2023 se
1371 1986 1417 2024 ad
1451 1997 1595 2039 captum
1623 1998 1783 2027 nostrum
1810 1990 1978 2030 demittit.
2009 1995 2105 2033 Deus

1149 2047 1243 2084 enim
1267 2047 1314 2084 ab
1330 2047 1388 2085 his
1407 2049 1574 2087 omnibus
1593 2049 1684 2087 liber
1700 2059 1761 2088 est.
1783 2053 1835 2089 Ita
1853 2063 1971 2091 autem
1991 2055 2105 2106 loqui-

1148 2115 1207 2144 tur
1232 2116 1269 2145 ut
1292 2108 1328 2145 in
1353 2109 1568 2147 crassiorum
1588 2109 1690 2148 cadat
1710 2111 1990 2165 intelligentiam.
2014 2118 2105 2155 Nam

1148 2181 1211 2205 nos
1237 2183 1379 2220 quoquc
1421 2170 1563 2221 quando
1603 2171 1784 2222 loquimur
1820 2189 1901 2213 cum
1930 2176 2105 2226 barbaris,

1147 2229 1291 2268 illorum
1322 2230 1445 2282 lingua
1466 2232 1602 2269 utimur
1620 2248 1627 2268 ε
1644 2242 1677 2270 et
1690 2234 1719 2271 si
1751 2249 1832 2273 cunt
1864 2251 1973 2288 puero
1991 2238 2105 2289 loqui-

1147 2305 1245 2340 mur,
1261 2306 1330 2329 una
1357 2306 1439 2330 cum
1466 2307 1506 2330 co
1535 2293 1773 2341 balbutimus,
1795 2306 1827 2334 et
1854 2307 1891 2335 ut
1920 2300 2104 2351 sapientis-

1147 2352 1229 2390 simi
1262 2353 1386 2401 simus,
1404 2353 1450 2391 ad
1479 2354 1717 2394 lnunih'tatem
1740 2357 1837 2395 illius
1854 2374 1917 2396 uos
1946 2361 2103 2400 demitti-

1147 2428 1238 2451 mus.
1256 2414 1302 2452 Et
1331 2415 1417 2466 quid
1443 2415 1575 2453 mirum
1601 2416 1628 2453 si
1657 2417 1724 2455 hoe
1750 2419 1785 2456 in
1806 2421 1925 2458 verbis
1942 2423 2102 2468 fluimus,

1145 2475 1288 2527 quando
1313 2476 1348 2514 id
1375 2477 1481 2514 ctiam
1506 2478 1540 2514 in
1569 2478 1674 2516 rebus
1699 2479 1739 2517 sit
1763 2495 1781 2517 a
1799 2482 1912 2527 uobis,
1934 2493 1970 2521 ut
1991 2485 2051 2535 qui
2070 2494 2100 2522 et

1146 2552 1270 2575 manus
1298 2538 1533 2585 mordeamus,
1551 2548 1582 2576 et
1609 2539 1696 2577 iram
1721 2541 1950 2588 simulcunm,
1983 2554 2019 2582 ut
2051 2545 2101 2582 iu-

1145 2600 1275 2637 fantem
1303 2600 1554 2650 corrigauiusi‘
1572 2602 1622 2638 ltu
1649 2602 1753 2639 etium
1788 2604 1880 2640 lli-us
1911 2606 2101 2644 crassiores

1144 2661 1287 2698 afficere.
1319 2661 1460 2708 voleus,
1490 2661 1624 2699 talibus
1653 2664 1772 2701 vorbis
1807 2679 1892 2701 usus
1923 2675 1985 2704 est.
2023 2669 2100 2705 Nou

1144 2722 1237 2759 cuim
1263 2736 1327 2774 pro
1355 2736 1417 2759 sua
1441 2722 1617 2773 (lignitate
1645 2723 1740 2774 loqui
1770 2726 1929 2771 studuit,
1951 2727 2010 2766 sed
2038 2744 2101 2781 pro

1144 2782 1348 2820 auditorum
1380 2783 1542 2820 utilitate.
1561 2787 1649 2821 Num
1675 2800 1710 2822 se
1733 2800 1799 2823 uon
1824 2801 1898 2825 esse
1919 2788 1976 2826 ira·
1993 2790 2100 2827 olum-

1146 2844 1246 2881 xium
1277 2844 1410 2881 alicubi
1450 2845 1652 2888 ostendeus,
1683 2846 1822 2884 dicebat
1859 2864 1865 2884 :
1899 2852 2103 2903 Numquid

1146 2919 1205 2942 me
1227 2907 1280 2942 ml
1308 2908 1404 2942 iram
1433 2915 1668 2957 provocant„
1697 2922 1825 2946 noum·
1849 2913 2016 2961 s‹¹ips‹›s.³¹
2045 2915 2101 2950 'l'u

1143 2966 1453 3017 nutemquouuulo
1472 2968 1580 3005 selles
1602 2968 1717 3019 ipsum
1744 2969 1916 3008 disserere
1943 2988 2022 3011 curu
2041 2977 2102 3013 ,Ιιι-

1143 3026 1240 3075 thris,
1258 3042 1339 3064 cum
1360 3043 1468 3078 nequi·
1487 3028 1669 3072 imm-atur,
1687 3044 1748 3066 uec
1771 3031 1852 3068 iulio
1883 3033 2004 3071 buln-u
2033 3050 2101 3072 um-

1145 3089 1224 3126 losi'
1255 3089 1377 3126 odium
1411 3090 1502 3125 cuim
1543 3099 1590 3125 vs!
1628 3091 1734 3128 animi
1767 3095 2005 3143 perturbatio:
2043 3112 2102 3133 ιιι-ι·

1144 3152 1296 3188 humanu
1325 3152 1484 3203 respiciat
1500 3153 1516 3187 '.'
1539 3150 1656 3188 sulm-‹-
1677 3154 1767 3189 enim
1787 3170 1827 3191 cx
1845 3171 1989 3207 rospon-
2007 3173 2102 3195 suiu-

1145 3221 1218 3250 tum
1251 3221 1322 3255 vsu
1350 3227 1460 3261 nequi·
1492 3212 1639 3249 mulius)
1673 3228 1750 3250 nunu
1790 3215 1854 3251 luu-
1888 3233 2028 3268 quoque
2059 3235 2101 3256 ex

2127 1061 2312 1090 Joh.1.21.

2116 2864 2177 2890 ,Ιι-ι·.
2191 2872 2217 2901 J.
2237 2871 2281 2902 ¹2)-
