<?xml version="1.0" encoding="UTF-8"?>
<!DOCTYPE html PUBLIC "-//W3C//DTD XHTML 1.0 Transitional//EN"
    "http://www.w3.org/TR/xhtml1/DTD/xhtml1-transitional.dtd">
<html xmlns="http://www.w3.org/1999/xhtml" xml:lang="en" lang="en">
 <head>
  <title>
</title>
<meta http-equiv="Content-Type" content="text/html;charset=utf-8" />
  <meta name='ocr-system' content='tesseract 3.04.00' />
  <meta name='ocr-capabilities' content='ocr_page ocr_carea ocr_par ocr_line ocrx_word'/>
</head>
<body>
  <div class='ocr_page' id='page_1' title='image "./operaomniaquaeex05johnuoft_0673.png"; bbox 0 0 2492 3725; ppageno 0'>
   <div class='ocr_carea' id='block_1_1' title="bbox 827 242 2067 564">
    <p class='ocr_par' dir='ltr' id='par_1_1' title="bbox 827 242 2067 564">
     <span class='ocr_line' id='line_1_1' title="bbox 827 242 2056 303; baseline -0.002 -22"><span class='ocrx_word' id='word_1_1' title='bbox 827 251 872 281; x_wconf 81' lang='lat' dir='ltr'>IN</span> <span class='ocrx_word' id='word_1_2' title='bbox 909 250 1117 282; x_wconf 70' lang='lat' dir='ltr'>PSALMUM</span> <span class='ocrx_word' id='word_1_3' title='bbox 1153 250 1287 281; x_wconf 79' lang='lat' dir='ltr'>CXLV.</span> <span class='ocrx_word' id='word_1_4' title='bbox 1970 242 2056 303; x_wconf 62' lang='grc' dir='ltr'>64Ῑ</span> 
     </span>
     <span class='ocr_line' id='line_1_2' title="bbox 1115 333 2066 389; baseline 0.007 -19"><span class='ocrx_word' id='word_1_5' title='bbox 1115 335 1258 371; x_wconf 83' lang='lat' dir='ltr'>minum</span> <span class='ocrx_word' id='word_1_6' title='bbox 1280 336 1414 385; x_wconf 74' lang='lat' dir='ltr'>rogavi</span> <span class='ocrx_word' id='word_1_7' title='bbox 1437 350 1446 370; x_wconf 84' lang='grc'>.-</span> <span class='ocrx_word' id='word_1_8' title='bbox 1470 341 1506 371; x_wconf 83' lang='lat' dir='ltr'>et</span> <span class='ocrx_word' id='word_1_9' title='bbox 1531 333 1631 372; x_wconf 76' lang='lat' dir='ltr'>dixit</span> <span class='ocrx_word' id='word_1_10' title='bbox 1659 336 1754 373; x_wconf 76' lang='lat' dir='ltr'>mihi</span> <span class='ocrx_word' id='word_1_11' title='bbox 1768 366 1778 383; x_wconf 87' lang='lat'>,</span> <span class='ocrx_word' id='word_1_12' title='bbox 1809 336 1964 389; x_wconf 86' lang='lat' dir='ltr'>Sufficit</span> <span class='ocrx_word' id='word_1_13' title='bbox 1997 343 2066 377; x_wconf 80' lang='lat' dir='ltr'>tibi</span> 
     </span>
     <span class='ocr_line' id='line_1_3' title="bbox 1110 394 2067 448; baseline 0.007 -20"><span class='ocrx_word' id='word_1_14' title='bbox 1110 394 1239 444; x_wconf 83' lang='lat' dir='ltr'>gratia</span> <span class='ocrx_word' id='word_1_15' title='bbox 1257 404 1370 439; x_wconf 86' lang='lat' dir='ltr'>mea;</span> <span class='ocrx_word' id='word_1_16' title='bbox 1404 405 1494 430; x_wconf 86' lang='lat' dir='ltr'>nam</span> <span class='ocrx_word' id='word_1_17' title='bbox 1513 395 1637 432; x_wconf 69' lang='lat' dir='ltr'>vinus</span> <span class='ocrx_word' id='word_1_18' title='bbox 1657 408 1744 431; x_wconf 83' lang='lat' dir='ltr'>mea</span> <span class='ocrx_word' id='word_1_19' title='bbox 1771 397 1813 432; x_wconf 86' lang='lat' dir='ltr'>in</span> <span class='ocrx_word' id='word_1_20' title='bbox 1840 396 2067 448; x_wconf 81' lang='lat' dir='ltr'>infirmitate</span> 
     </span>
     <span class='ocr_line' id='line_1_4' title="bbox 1108 453 2065 509; baseline 0.006 -19"><span class='ocrx_word' id='word_1_21' title='bbox 1108 453 1317 503; x_wconf 84' lang='lat' dir='ltr'>perficitur,</span> <span class='ocrx_word' id='word_1_22' title='bbox 1340 456 1391 494; x_wconf 86' lang='lat' dir='ltr'>sic</span> <span class='ocrx_word' id='word_1_23' title='bbox 1411 454 1525 505; x_wconf 83' lang='lat' dir='ltr'>pergit</span> <span class='ocrx_word' id='word_1_24' title='bbox 1547 470 1555 491; x_wconf 90' lang='lat'>:</span> <span class='ocrx_word' id='word_1_25' title='bbox 1579 456 1764 494; x_wconf 84' lang='lat' dir='ltr'><em>Libenter</em></span> <span class='ocrx_word' id='word_1_26' title='bbox 1781 458 1899 509; x_wconf 79' lang='lat' dir='ltr'>igitur·</span> <span class='ocrx_word' id='word_1_27' title='bbox 1915 458 2065 506; x_wconf 82' lang='lat' dir='ltr'>gloria-</span> 
     </span>
     <span class='ocr_line' id='line_1_5' title="bbox 1111 514 1674 564; baseline 0.009 -15"><span class='ocrx_word' id='word_1_28' title='bbox 1111 514 1178 550; x_wconf 88' lang='lat' dir='ltr'>bor</span> <span class='ocrx_word' id='word_1_29' title='bbox 1195 515 1236 550; x_wconf 85' lang='grc' dir='ltr'><strong><em>ιή</em></strong></span> <span class='ocrx_word' id='word_1_30' title='bbox 1253 514 1543 564; x_wconf 79' lang='lat' dir='ltr'>infirmitatibus</span> <span class='ocrx_word' id='word_1_31' title='bbox 1568 520 1674 554; x_wconf 85' lang='lat' dir='ltr'>meis.</span> 
     </span>
    </p>
   </div>
   <div class='ocr_carea' id='block_1_2' title="bbox 25 329 1041 448">
    <p class='ocr_par' dir='ltr' id='par_1_2' title="bbox 25 329 1041 448">
     <span class='ocr_line' id='line_1_6' title="bbox 25 329 1041 388; baseline -0.004 -13"><span class='ocrx_word' id='word_1_32' title='bbox 25 337 210 388; x_wconf 83' lang='grc' dir='ltr'>ἐπήγαγεν,</span> <span class='ocrx_word' id='word_1_33' title='bbox 235 336 287 374; x_wconf 76' lang='grc' dir='ltr'>ὅτι</span> <span class='ocrx_word' id='word_1_34' title='bbox 306 335 460 374; x_wconf 60' lang='lat' dir='ltr'>“flama</span> <span class='ocrx_word' id='word_1_35' title='bbox 487 329 544 372; x_wconf 71' lang='grc' dir='ltr'>οῦν</span> <span class='ocrx_word' id='word_1_36' title='bbox 562 334 787 387; x_wconf 72' lang='grc' dir='ltr'>καυχήσομαι</span> <span class='ocrx_word' id='word_1_37' title='bbox 801 336 836 373; x_wconf 84' lang='grc' dir='ltr'>ἐν</span> <span class='ocrx_word' id='word_1_38' title='bbox 849 340 924 378; x_wconf 87' lang='grc' dir='ltr'>ταῖς</span> <span class='ocrx_word' id='word_1_39' title='bbox 942 335 1041 373; x_wconf 83' lang='grc' dir='ltr'>ἀσθε-</span> 
     </span>
     <span class='ocr_line' id='line_1_7' title="bbox 25 397 226 448; baseline -0.01 -13"><span class='ocrx_word' id='word_1_40' title='bbox 25 397 130 440; x_wconf 87' lang='grc' dir='ltr'>νείαις</span> <span class='ocrx_word' id='word_1_41' title='bbox 149 412 226 448; x_wconf 90' lang='grc' dir='ltr'>μου.</span> 
     </span>
    </p>
   </div>
   <div class='ocr_carea' id='block_1_3' title="bbox 22 571 1087 811">
    <p class='ocr_par' dir='ltr' id='par_1_3' title="bbox 22 571 1087 811">
     <span class='ocr_line' id='line_1_8' title="bbox 75 571 1087 630; baseline -0.007 -13"><span class='ocrx_word' id='word_1_42' title='bbox 75 571 175 622; x_wconf 67' lang='grc' dir='ltr'>Εἶδες</span> <span class='ocrx_word' id='word_1_43' title='bbox 189 576 452 629; x_wconf 76' lang='grc' dir='ltr'>εὐγνωμοσύνην</span> <span class='ocrx_word' id='word_1_44' title='bbox 467 575 600 614; x_wconf 80' lang='grc' dir='ltr'>οἰκέτου</span> <span class='ocrx_word' id='word_1_45' title='bbox 611 590 621 621; x_wconf 84' lang='grc'><strong>;</strong></span> <span class='ocrx_word' id='word_1_46' title='bbox 634 574 770 630; x_wconf 72' lang='grc' dir='ltr'>’ῌτησε</span> <span class='ocrx_word' id='word_1_47' title='bbox 783 577 845 620; x_wconf 82' lang='grc' dir='ltr'>τῆς</span> <span class='ocrx_word' id='word_1_48' title='bbox 862 572 1038 616; x_wconf 84' lang='grc' dir='ltr'>ἀσθενείας</span> <span class='ocrx_word' id='word_1_49' title='bbox 1062 587 1087 616; x_wconf 87' lang='lat' dir='ltr'>D</span> 
     </span>
     <span class='ocr_line' id='line_1_9' title="bbox 24 634 1039 690; baseline -0.005 -14"><span class='ocrx_word' id='word_1_50' title='bbox 24 641 287 690; x_wconf 72' lang='grc' dir='ltr'>ἀπαλλαγῆναι,</span> <span class='ocrx_word' id='word_1_51' title='bbox 307 638 365 675; x_wconf 86' lang='grc' dir='ltr'>καὶ</span> <span class='ocrx_word' id='word_1_52' title='bbox 382 639 444 675; x_wconf 81' lang='grc' dir='ltr'>οὐκ</span> <span class='ocrx_word' id='word_1_53' title='bbox 465 635 646 674; x_wconf 81' lang='grc' dir='ltr'>ἐπένευσεν</span> <span class='ocrx_word' id='word_1_54' title='bbox 662 639 680 673; x_wconf 85' lang='grc' dir='ltr'>ὁ</span> <span class='ocrx_word' id='word_1_55' title='bbox 700 634 806 678; x_wconf 62' lang='lat'><em>&amp;263-</em></span> <span class='ocrx_word' id='word_1_56' title='bbox 827 635 886 672; x_wconf 83' lang='grc' dir='ltr'>καὶ</span> <span class='ocrx_word' id='word_1_57' title='bbox 915 636 952 672; x_wconf 81' lang='grc' dir='ltr'>οὐ</span> <span class='ocrx_word' id='word_1_58' title='bbox 971 634 1039 685; x_wconf 91' lang='grc' dir='ltr'>μό-</span> 
     </span>
     <span class='ocr_line' id='line_1_10' title="bbox 23 694 1038 750; baseline -0.003 -15"><span class='ocrx_word' id='word_1_59' title='bbox 23 714 78 737; x_wconf 86' lang='grc' dir='ltr'>νον</span> <span class='ocrx_word' id='word_1_60' title='bbox 97 702 159 737; x_wconf 83' lang='grc' dir='ltr'>οὐκ</span> <span class='ocrx_word' id='word_1_61' title='bbox 181 699 333 750; x_wconf 87' lang='grc' dir='ltr'>ἤλγησεν</span> <span class='ocrx_word' id='word_1_62' title='bbox 348 701 366 735; x_wconf 84' lang='grc' dir='ltr'>ὁ</span> <span class='ocrx_word' id='word_1_63' title='bbox 393 699 554 743; x_wconf 78' lang='grc' dir='ltr'>Παῦλος,</span> <span class='ocrx_word' id='word_1_64' title='bbox 577 696 668 734; x_wconf 84' lang='grc' dir='ltr'>ἀλλὰ</span> <span class='ocrx_word' id='word_1_65' title='bbox 699 695 758 733; x_wconf 84' lang='grc' dir='ltr'>καὶ</span> <span class='ocrx_word' id='word_1_66' title='bbox 778 703 954 747; x_wconf 79' lang='grc' dir='ltr'>καυχᾶται</span> <span class='ocrx_word' id='word_1_67' title='bbox 980 694 1038 732; x_wconf 81' lang='grc' dir='ltr'>ἐπὶ</span> 
     </span>
     <span class='ocr_line' id='line_1_11' title="bbox 22 754 1042 811; baseline -0.005 -13"><span class='ocrx_word' id='word_1_68' title='bbox 22 763 66 811; x_wconf 68' lang='grc' dir='ltr'>τῇ</span> <span class='ocrx_word' id='word_1_69' title='bbox 85 760 257 811; x_wconf 79' lang='grc' dir='ltr'>ἀσθενείᾳ.</span> <span class='ocrx_word' id='word_1_70' title='bbox 277 758 381 797; x_wconf 82' lang='grc' dir='ltr'>Οὕτω</span> <span class='ocrx_word' id='word_1_71' title='bbox 400 757 458 796; x_wconf 83' lang='grc' dir='ltr'>καὶ</span> <span class='ocrx_word' id='word_1_72' title='bbox 489 761 590 807; x_wconf 82' lang='grc' dir='ltr'>ἡμεῖς</span> <span class='ocrx_word' id='word_1_73' title='bbox 623 756 948 809; x_wconf 76' lang='grc' dir='ltr'>παρασκευάσωμεν</span> <span class='ocrx_word' id='word_1_74' title='bbox 979 754 1042 799; x_wconf 86' lang='grc' dir='ltr'>τὰς</span> 
     </span>
    </p>
   </div>
   <div class='ocr_carea' id='block_1_4' title="bbox 1110 579 2067 817">
    <p class='ocr_par' dir='ltr' id='par_1_4' title="bbox 1110 579 2067 817">
     <span class='ocr_line' id='line_1_12' title="bbox 1158 579 2067 632; baseline 0.008 -15"><span class='ocrx_word' id='word_1_75' title='bbox 1158 580 1194 617; x_wconf 92' lang='grc'>6.</span> <span class='ocrx_word' id='word_1_76' title='bbox 1215 579 1390 618; x_wconf 88' lang='lat' dir='ltr'>Vidistin’</span> <span class='ocrx_word' id='word_1_77' title='bbox 1410 590 1551 632; x_wconf 79' lang='lat' dir='ltr'>gratum</span> <span class='ocrx_word' id='word_1_78' title='bbox 1587 583 1714 621; x_wconf 73' lang='lat' dir='ltr'>famuli</span> <span class='ocrx_word' id='word_1_79' title='bbox 1743 585 1931 624; x_wconf 77' lang='lat' dir='ltr'>animum?</span> <span class='ocrx_word' id='word_1_80' title='bbox 1959 586 2067 624; x_wconf 91' lang='lat' dir='ltr'>Petiit</span> 
     </span>
     <span class='ocr_line' id='line_1_13' title="bbox 1110 638 2061 690; baseline 0.012 -15"><span class='ocrx_word' id='word_1_81' title='bbox 1110 638 1155 676; x_wconf 84' lang='lat' dir='ltr'>ab</span> <span class='ocrx_word' id='word_1_82' title='bbox 1174 639 1445 678; x_wconf 77' lang='lat' dir='ltr'>infirmitatibus</span> <span class='ocrx_word' id='word_1_83' title='bbox 1470 641 1629 690; x_wconf 80' lang='lat' dir='ltr'>liberari,</span> <span class='ocrx_word' id='word_1_84' title='bbox 1652 654 1685 682; x_wconf 81' lang='lat' dir='ltr'>et</span> <span class='ocrx_word' id='word_1_85' title='bbox 1706 658 1775 682; x_wconf 89' lang='lat' dir='ltr'>non</span> <span class='ocrx_word' id='word_1_86' title='bbox 1793 647 1918 685; x_wconf 85' lang='lat' dir='ltr'><strong>annuit</strong></span> <span class='ocrx_word' id='word_1_87' title='bbox 1939 648 2061 685; x_wconf 90' lang='lat' dir='ltr'>Deus:</span> 
     </span>
     <span class='ocr_line' id='line_1_14' title="bbox 1111 700 2065 759; baseline 0.01 -22"><span class='ocrx_word' id='word_1_88' title='bbox 1111 713 1150 737; x_wconf 84' lang='lat' dir='ltr'>ac</span> <span class='ocrx_word' id='word_1_89' title='bbox 1166 714 1235 738; x_wconf 91' lang='lat' dir='ltr'>non</span> <span class='ocrx_word' id='word_1_90' title='bbox 1255 700 1361 738; x_wconf 89' lang='lat' dir='ltr'>modo</span> <span class='ocrx_word' id='word_1_91' title='bbox 1380 715 1449 739; x_wconf 89' lang='lat' dir='ltr'>non</span> <span class='ocrx_word' id='word_1_92' title='bbox 1467 702 1585 741; x_wconf 89' lang='lat' dir='ltr'>doluit</span> <span class='ocrx_word' id='word_1_93' title='bbox 1600 705 1733 744; x_wconf 82' lang='lat' dir='ltr'>Paulus</span> <span class='ocrx_word' id='word_1_94' title='bbox 1745 736 1754 753; x_wconf 86' lang='lat'>‚</span> <span class='ocrx_word' id='word_1_95' title='bbox 1787 707 1848 744; x_wconf 86' lang='lat' dir='ltr'>sed</span> <span class='ocrx_word' id='word_1_96' title='bbox 1867 708 1972 745; x_wconf 85' lang='lat' dir='ltr'>etiam</span> <span class='ocrx_word' id='word_1_97' title='bbox 1992 708 2065 759; x_wconf 85' lang='lat' dir='ltr'>glo-</span> 
     </span>
     <span class='ocr_line' id='line_1_15' title="bbox 1110 761 2063 817; baseline 0.01 -20"><span class='ocrx_word' id='word_1_98' title='bbox 1110 761 1222 799; x_wconf 84' lang='lat' dir='ltr'>riatur</span> <span class='ocrx_word' id='word_1_99' title='bbox 1235 761 1271 799; x_wconf 91' lang='lat' dir='ltr'>in</span> <span class='ocrx_word' id='word_1_100' title='bbox 1291 761 1508 801; x_wconf 78' lang='lat' dir='ltr'>infirmitate.</span> <span class='ocrx_word' id='word_1_101' title='bbox 1524 764 1658 803; x_wconf 86' lang='lat' dir='ltr'>Eodem</span> <span class='ocrx_word' id='word_1_102' title='bbox 1673 781 1815 817; x_wconf 88' lang='lat' dir='ltr'>quoque</span> <span class='ocrx_word' id='word_1_103' title='bbox 1833 768 1939 805; x_wconf 85' lang='lat' dir='ltr'>modo</span> <span class='ocrx_word' id='word_1_104' title='bbox 1956 778 1988 806; x_wconf 86' lang='lat' dir='ltr'>et</span> <span class='ocrx_word' id='word_1_105' title='bbox 2000 783 2063 807; x_wconf 91' lang='lat' dir='ltr'>nos</span> 
     </span>
    </p>
   </div>
   <div class='ocr_carea' id='block_1_5' title="bbox 23 817 2061 879">
    <p class='ocr_par' dir='ltr' id='par_1_5' title="bbox 23 817 2061 879">
     <span class='ocr_line' id='line_1_16' title="bbox 23 817 2061 879; baseline 0.008 -27"><span class='ocrx_word' id='word_1_106' title='bbox 23 822 153 858; x_wconf 73' lang='grc' dir='ltr'>ἑαυτῶν</span> <span class='ocrx_word' id='word_1_107' title='bbox 168 819 292 872; x_wconf 67' lang='grc' dir='ltr'>ψυχὰς,</span> <span class='ocrx_word' id='word_1_108' title='bbox 305 818 369 856; x_wconf 81' lang='grc' dir='ltr'>κᾶν</span> <span class='ocrx_word' id='word_1_109' title='bbox 386 819 432 870; x_wconf 83' lang='grc' dir='ltr'>δῷ</span> <span class='ocrx_word' id='word_1_110' title='bbox 454 821 471 856; x_wconf 87' lang='grc' dir='ltr'><strong><em>ὃ</em></strong></span> <span class='ocrx_word' id='word_1_111' title='bbox 486 818 587 864; x_wconf 78' lang='grc' dir='ltr'>Θεὸς,</span> <span class='ocrx_word' id='word_1_112' title='bbox 603 817 666 855; x_wconf 80' lang='grc' dir='ltr'>κᾶν</span> <span class='ocrx_word' id='word_1_113' title='bbox 686 817 734 867; x_wconf 82' lang='grc' dir='ltr'>μὴ</span> <span class='ocrx_word' id='word_1_114' title='bbox 755 818 803 870; x_wconf 80' lang='grc' dir='ltr'>δῷ</span> <span class='ocrx_word' id='word_1_115' title='bbox 823 821 933 855; x_wconf 85' lang='grc' dir='ltr'>ταῦτα</span> <span class='ocrx_word' id='word_1_116' title='bbox 948 817 1037 869; x_wconf 87' lang='grc' dir='ltr'>ἅπερ</span> <span class='ocrx_word' id='word_1_117' title='bbox 1107 820 1241 859; x_wconf 83' lang='lat' dir='ltr'>animas</span> <span class='ocrx_word' id='word_1_118' title='bbox 1261 831 1396 861; x_wconf 82' lang='lat' dir='ltr'>nostras</span> <span class='ocrx_word' id='word_1_119' title='bbox 1415 823 1667 876; x_wconf 83' lang='lat' dir='ltr'>disponamus,</span> <span class='ocrx_word' id='word_1_120' title='bbox 1698 827 1772 865; x_wconf 78' lang='lat' dir='ltr'>sive</span> <span class='ocrx_word' id='word_1_121' title='bbox 1791 827 1928 866; x_wconf 81' lang='lat' dir='ltr'>dederit</span> <span class='ocrx_word' id='word_1_122' title='bbox 1945 831 2038 868; x_wconf 87' lang='lat' dir='ltr'>Deus</span> <span class='ocrx_word' id='word_1_123' title='bbox 2051 860 2061 879; x_wconf 95' lang='grc'>,</span> 
     </span>
    </p>
   </div>
   <div class='ocr_carea' id='block_1_6' title="bbox 2076 722 2266 875">
    <p class='ocr_par' dir='ltr' id='par_1_6' title="bbox 2076 722 2266 875">
     <span class='ocr_line' id='line_1_17' title="bbox 2077 722 2263 759; baseline 0.011 -10"><span class='ocrx_word' id='word_1_124' title='bbox 2077 722 2140 750; x_wconf 88' lang='lat' dir='ltr'>Deo</span> <span class='ocrx_word' id='word_1_125' title='bbox 2199 733 2263 759; x_wconf 78' lang='lat' dir='ltr'>gra-</span> 
     </span>
     <span class='ocr_line' id='line_1_18' title="bbox 2077 766 2264 802; baseline 0.011 -12"><span class='ocrx_word' id='word_1_126' title='bbox 2077 766 2122 791; x_wconf 75' lang='lat' dir='ltr'>tiae</span> <span class='ocrx_word' id='word_1_127' title='bbox 2150 766 2264 802; x_wconf 50' lang='lat' dir='ltr'>agend-&lt;c</span> 
     </span>
     <span class='ocr_line' id='line_1_19' title="bbox 2076 812 2265 833; baseline -0.005 0"><span class='ocrx_word' id='word_1_128' title='bbox 2076 812 2163 833; x_wconf 74' lang='lat' dir='ltr'>eliam</span> <span class='ocrx_word' id='word_1_129' title='bbox 2198 817 2265 833; x_wconf 85' lang='lat' dir='ltr'>cum</span> 
     </span>
     <span class='ocr_line' id='line_1_20' title="bbox 2076 858 2266 875; baseline -0.005 -1"><span class='ocrx_word' id='word_1_130' title='bbox 2076 858 2135 874; x_wconf 86' lang='lat' dir='ltr'>nou</span> <span class='ocrx_word' id='word_1_131' title='bbox 2176 858 2266 875; x_wconf 70' lang='lat' dir='ltr'>exau-</span> 
     </span>
    </p>
   </div>
   <div class='ocr_carea' id='block_1_7' title="bbox 15 878 1037 1238">
    <p class='ocr_par' dir='ltr' id='par_1_7' title="bbox 15 878 1037 1238">
     <span class='ocr_line' id='line_1_21' title="bbox 21 878 1036 932; baseline -0.002 -14"><span class='ocrx_word' id='word_1_132' title='bbox 21 882 200 931; x_wconf 82' lang='grc' dir='ltr'>αἰτοῦμεν,</span> <span class='ocrx_word' id='word_1_133' title='bbox 234 883 335 929; x_wconf 85' lang='grc' dir='ltr'>ἡμεῖς</span> <span class='ocrx_word' id='word_1_134' title='bbox 363 879 450 932; x_wconf 85' lang='grc' dir='ltr'>ὑπὲρ</span> <span class='ocrx_word' id='word_1_135' title='bbox 484 878 688 931; x_wconf 83' lang='grc' dir='ltr'>ἀμφοτέρων</span> <span class='ocrx_word' id='word_1_136' title='bbox 726 878 1036 931; x_wconf 77' lang='grc' dir='ltr'>εὖχαριστήσωμεν</span> 
     </span>
     <span class='ocr_line' id='line_1_22' title="bbox 17 939 1036 994; baseline -0.002 -15"><span class='ocrx_word' id='word_1_137' title='bbox 17 944 67 994; x_wconf 82' lang='grc' dir='ltr'>τῷ</span> <span class='ocrx_word' id='word_1_138' title='bbox 85 943 179 993; x_wconf 83' lang='grc' dir='ltr'>Θεῷ.</span> <span class='ocrx_word' id='word_1_139' title='bbox 211 940 404 993; x_wconf 74' lang='grc' dir='ltr'>Ἀμφότεροι</span> <span class='ocrx_word' id='word_1_140' title='bbox 433 941 499 993; x_wconf 80' lang='grc' dir='ltr'>γὰρ</span> <span class='ocrx_word' id='word_1_141' title='bbox 533 944 619 990; x_wconf 83' lang='grc' dir='ltr'>ἡμῖν</span> <span class='ocrx_word' id='word_1_142' title='bbox 655 939 899 993; x_wconf 69' lang='grc' dir='ltr'>συμφερόντως</span> <span class='ocrx_word' id='word_1_143' title='bbox 931 945 1036 978; x_wconf 86' lang='grc' dir='ltr'>ποιεῖ.</span> 
     </span>
     <span class='ocr_line' id='line_1_23' title="bbox 19 1000 1036 1054; baseline -0.001 -14"><span class='ocrx_word' id='word_1_144' title='bbox 19 1004 64 1041; x_wconf 82' lang='grc' dir='ltr'>Εἴ</span> <span class='ocrx_word' id='word_1_145' title='bbox 81 1007 140 1040; x_wconf 89' lang='grc' dir='ltr'>τοῦ</span> <span class='ocrx_word' id='word_1_146' title='bbox 159 1003 275 1040; x_wconf 81' lang='grc' dir='ltr'>δοῦναι</span> <span class='ocrx_word' id='word_1_147' title='bbox 293 1001 409 1054; x_wconf 89' lang='grc' dir='ltr'>κύριός</span> <span class='ocrx_word' id='word_1_148' title='bbox 432 1003 526 1048; x_wconf 81' lang='grc' dir='ltr'>ἐστι,</span> <span class='ocrx_word' id='word_1_149' title='bbox 547 1002 669 1039; x_wconf 80' lang='grc' dir='ltr'>οὐκοῦν</span> <span class='ocrx_word' id='word_1_150' title='bbox 694 1001 753 1039; x_wconf 82' lang='grc' dir='ltr'>καὶ</span> <span class='ocrx_word' id='word_1_151' title='bbox 771 1004 831 1039; x_wconf 89' lang='grc' dir='ltr'>τοῦ</span> <span class='ocrx_word' id='word_1_152' title='bbox 850 1000 935 1039; x_wconf 87' lang='grc' dir='ltr'>πότε</span> <span class='ocrx_word' id='word_1_153' title='bbox 955 1002 1036 1039; x_wconf 82' lang='grc' dir='ltr'>δοῦ-</span> 
     </span>
     <span class='ocr_line' id='line_1_24' title="bbox 18 1057 1037 1114; baseline -0.001 -13"><span class='ocrx_word' id='word_1_154' title='bbox 18 1079 84 1112; x_wconf 82' lang='grc' dir='ltr'>ναι,</span> <span class='ocrx_word' id='word_1_155' title='bbox 103 1063 162 1101; x_wconf 77' lang='grc' dir='ltr'>καὶ</span> <span class='ocrx_word' id='word_1_156' title='bbox 179 1066 238 1101; x_wconf 90' lang='grc' dir='ltr'>τοῦ</span> <span class='ocrx_word' id='word_1_157' title='bbox 257 1063 292 1101; x_wconf 89' lang='grc' dir='ltr'>τί</span> <span class='ocrx_word' id='word_1_158' title='bbox 307 1065 441 1111; x_wconf 78' lang='grc' dir='ltr'>δοῦναι,</span> <span class='ocrx_word' id='word_1_159' title='bbox 460 1063 519 1101; x_wconf 81' lang='grc' dir='ltr'>καὶ</span> <span class='ocrx_word' id='word_1_160' title='bbox 539 1067 598 1100; x_wconf 90' lang='grc' dir='ltr'>τοῦ</span> <span class='ocrx_word' id='word_1_161' title='bbox 620 1062 668 1114; x_wconf 86' lang='grc' dir='ltr'>μὴ</span> <span class='ocrx_word' id='word_1_162' title='bbox 698 1064 826 1101; x_wconf 86' lang='grc' dir='ltr'>δοῦναι.</span> <span class='ocrx_word' id='word_1_163' title='bbox 847 1064 924 1101; x_wconf 82' lang='grc' dir='ltr'>Οὐκ</span> <span class='ocrx_word' id='word_1_164' title='bbox 942 1057 1037 1106; x_wconf 68' lang='grc' dir='ltr'>οἶδας</span> 
     </span>
     <span class='ocr_line' id='line_1_25' title="bbox 18 1118 1035 1178; baseline 0 -16"><span class='ocrx_word' id='word_1_165' title='bbox 18 1124 58 1163; x_wconf 84' lang='grc' dir='ltr'>σὺ</span> <span class='ocrx_word' id='word_1_166' title='bbox 85 1124 128 1162; x_wconf 87' lang='grc' dir='ltr'>τὰ</span> <span class='ocrx_word' id='word_1_167' title='bbox 154 1124 392 1178; x_wconf 78' lang='grc' dir='ltr'>συμφέροντα,</span> <span class='ocrx_word' id='word_1_168' title='bbox 412 1128 458 1168; x_wconf 82' lang='grc' dir='ltr'>ὡς</span> <span class='ocrx_word' id='word_1_169' title='bbox 479 1124 579 1168; x_wconf 82' lang='grc' dir='ltr'>αὐτὸς</span> <span class='ocrx_word' id='word_1_170' title='bbox 598 1118 667 1162; x_wconf 68' lang='grc' dir='ltr'>οἶδε</span> <span class='ocrx_word' id='word_1_171' title='bbox 695 1127 828 1176; x_wconf 88' lang='grc' dir='ltr'>σαφῶς.</span> <span class='ocrx_word' id='word_1_172' title='bbox 856 1123 1035 1168; x_wconf 77' lang='grc' dir='ltr'>Πολλάκις</span> 
     </span>
     <span class='ocr_line' id='line_1_26' title="bbox 15 1184 1033 1238; baseline -0.001 -15"><span class='ocrx_word' id='word_1_173' title='bbox 15 1187 120 1229; x_wconf 85' lang='grc' dir='ltr'>αἰτεῖς</span> <span class='ocrx_word' id='word_1_174' title='bbox 138 1185 313 1231; x_wconf 50' lang='lat' dir='ltr'>emma&amp;</span> <span class='ocrx_word' id='word_1_175' title='bbox 341 1186 400 1224; x_wconf 79' lang='grc' dir='ltr'>καὶ</span> <span class='ocrx_word' id='word_1_176' title='bbox 427 1185 584 1238; x_wconf 85' lang='grc' dir='ltr'>σφαλερά</span> <span class='ocrx_word' id='word_1_177' title='bbox 597 1198 604 1206; x_wconf 91' lang='grc'><em>·</em></span> <span class='ocrx_word' id='word_1_178' title='bbox 625 1187 643 1223; x_wconf 84' lang='grc' dir='ltr'>ὁ</span> <span class='ocrx_word' id='word_1_179' title='bbox 662 1184 698 1223; x_wconf 81' lang='grc' dir='ltr'>δὲ</span> <span class='ocrx_word' id='word_1_180' title='bbox 727 1186 858 1235; x_wconf 78' lang='grc' dir='ltr'>μᾶλλον</span> <span class='ocrx_word' id='word_1_181' title='bbox 878 1186 1033 1236; x_wconf 83' lang='grc' dir='ltr'>κηδόμε-</span> 
     </span>
    </p>
   </div>
   <div class='ocr_carea' id='block_1_8' title="bbox 1103 882 2132 1246">
    <p class='ocr_par' dir='ltr' id='par_1_8' title="bbox 1103 882 2132 1246">
     <span class='ocr_line' id='line_1_27' title="bbox 1108 882 2132 942; baseline 0.011 -23"><span class='ocrx_word' id='word_1_182' title='bbox 1108 882 1184 921; x_wconf 75' lang='lat' dir='ltr'>sive</span> <span class='ocrx_word' id='word_1_183' title='bbox 1202 897 1271 921; x_wconf 91' lang='lat' dir='ltr'>non</span> <span class='ocrx_word' id='word_1_184' title='bbox 1292 883 1430 923; x_wconf 83' lang='lat' dir='ltr'><strong>dederit</strong></span> <span class='ocrx_word' id='word_1_185' title='bbox 1449 899 1486 923; x_wconf 83' lang='lat' dir='ltr'>ea</span> <span class='ocrx_word' id='word_1_186' title='bbox 1505 900 1583 937; x_wconf 81' lang='lat' dir='ltr'>quae</span> <span class='ocrx_word' id='word_1_187' title='bbox 1614 888 1767 939; x_wconf 87' lang='lat' dir='ltr'>petimus</span> <span class='ocrx_word' id='word_1_188' title='bbox 1781 919 1789 935; x_wconf 91' lang='lat'>,</span> <span class='ocrx_word' id='word_1_189' title='bbox 1820 902 1886 941; x_wconf 91' lang='lat' dir='ltr'>pro</span> <span class='ocrx_word' id='word_1_190' title='bbox 1913 899 2064 942; x_wconf 84' lang='lat' dir='ltr'>utroque</span> <span class='ocrx_word' id='word_1_191' title='bbox 2077 890 2132 916; x_wconf 50' lang='lat'>‘³⁴¹‘-</span> 
     </span>
     <span class='ocr_line' id='line_1_28' title="bbox 1107 943 2064 1000; baseline 0.01 -20"><span class='ocrx_word' id='word_1_192' title='bbox 1107 943 1236 994; x_wconf 84' lang='lat' dir='ltr'>gratias</span> <span class='ocrx_word' id='word_1_193' title='bbox 1252 958 1398 995; x_wconf 82' lang='lat' dir='ltr'><strong>agamus</strong></span> <span class='ocrx_word' id='word_1_194' title='bbox 1410 947 1499 984; x_wconf 91' lang='lat' dir='ltr'>Deo.</span> <span class='ocrx_word' id='word_1_195' title='bbox 1517 948 1721 1000; x_wconf 85' lang='lat' dir='ltr'>Utrumque</span> <span class='ocrx_word' id='word_1_196' title='bbox 1733 950 1827 988; x_wconf 89' lang='lat' dir='ltr'>enim</span> <span class='ocrx_word' id='word_1_197' title='bbox 1842 949 1887 988; x_wconf 84' lang='lat' dir='ltr'>ad</span> <span class='ocrx_word' id='word_1_198' title='bbox 1906 961 2064 990; x_wconf 77' lang='lat' dir='ltr'>nostram</span> 
     </span>
     <span class='ocr_line' id='line_1_29' title="bbox 1108 1004 2064 1065; baseline 0.012 -25"><span class='ocrx_word' id='word_1_199' title='bbox 1108 1004 1295 1042; x_wconf 82' lang='lat' dir='ltr'>utilitatem</span> <span class='ocrx_word' id='word_1_200' title='bbox 1307 1006 1403 1044; x_wconf 81' lang='lat' dir='ltr'>facit.</span> <span class='ocrx_word' id='word_1_201' title='bbox 1425 1007 1464 1046; x_wconf 87' lang='lat' dir='ltr'>Si</span> <span class='ocrx_word' id='word_1_202' title='bbox 1481 1007 1591 1046; x_wconf 83' lang='lat' dir='ltr'>dandi</span> <span class='ocrx_word' id='word_1_203' title='bbox 1612 1019 1818 1061; x_wconf 77' lang='lat' dir='ltr'>potestatem</span> <span class='ocrx_word' id='word_1_204' title='bbox 1837 1011 1968 1059; x_wconf 77' lang='lat' dir='ltr'>hahet,</span> <span class='ocrx_word' id='word_1_205' title='bbox 1995 1013 2064 1065; x_wconf 84' lang='lat' dir='ltr'>igi-</span> 
     </span>
     <span class='ocr_line' id='line_1_30' title="bbox 1106 1064 2062 1123; baseline 0.012 -22"><span class='ocrx_word' id='word_1_206' title='bbox 1106 1072 1166 1102; x_wconf 86' lang='lat' dir='ltr'>tur</span> <span class='ocrx_word' id='word_1_207' title='bbox 1184 1064 1291 1104; x_wconf 81' lang='lat' dir='ltr'>habet</span> <span class='ocrx_word' id='word_1_208' title='bbox 1309 1076 1342 1104; x_wconf 89' lang='lat' dir='ltr'>et</span> <span class='ocrx_word' id='word_1_209' title='bbox 1360 1066 1470 1105; x_wconf 82' lang='lat' dir='ltr'>dandi</span> <span class='ocrx_word' id='word_1_210' title='bbox 1503 1069 1646 1119; x_wconf 83' lang='lat' dir='ltr'>quando</span> <span class='ocrx_word' id='word_1_211' title='bbox 1665 1071 1745 1109; x_wconf 72' lang='lat' dir='ltr'>vult</span> <span class='ocrx_word' id='word_1_212' title='bbox 1760 1101 1770 1119; x_wconf 86' lang='lat'>‚</span> <span class='ocrx_word' id='word_1_213' title='bbox 1792 1081 1826 1109; x_wconf 89' lang='lat' dir='ltr'>et</span> <span class='ocrx_word' id='word_1_214' title='bbox 1845 1072 1942 1123; x_wconf 90' lang='lat' dir='ltr'>quod</span> <span class='ocrx_word' id='word_1_215' title='bbox 1960 1074 2062 1121; x_wconf 85' lang='lat' dir='ltr'>vult,</span> 
     </span>
     <span class='ocr_line' id='line_1_31' title="bbox 1106 1126 2064 1184; baseline 0.01 -22"><span class='ocrx_word' id='word_1_216' title='bbox 1106 1134 1210 1176; x_wconf 87' lang='lat' dir='ltr'>atque</span> <span class='ocrx_word' id='word_1_217' title='bbox 1229 1126 1334 1164; x_wconf 78' lang='lat' dir='ltr'>etiam</span> <span class='ocrx_word' id='word_1_218' title='bbox 1349 1141 1417 1164; x_wconf 91' lang='lat' dir='ltr'>non</span> <span class='ocrx_word' id='word_1_219' title='bbox 1428 1127 1554 1167; x_wconf 81' lang='lat' dir='ltr'>dandi.</span> <span class='ocrx_word' id='word_1_220' title='bbox 1569 1131 1626 1168; x_wconf 93' lang='lat' dir='ltr'>Tu</span> <span class='ocrx_word' id='word_1_221' title='bbox 1644 1144 1714 1169; x_wconf 89' lang='lat' dir='ltr'>non</span> <span class='ocrx_word' id='word_1_222' title='bbox 1731 1133 1823 1170; x_wconf 89' lang='lat' dir='ltr'>nosti</span> <span class='ocrx_word' id='word_1_223' title='bbox 1842 1147 1881 1171; x_wconf 79' lang='lat' dir='ltr'>ea</span> <span class='ocrx_word' id='word_1_224' title='bbox 1898 1147 1977 1184; x_wconf 85' lang='lat' dir='ltr'>quae</span> <span class='ocrx_word' id='word_1_225' title='bbox 1995 1134 2064 1172; x_wconf 88' lang='lat' dir='ltr'>tibi</span> 
     </span>
     <span class='ocr_line' id='line_1_32' title="bbox 1103 1188 2063 1246; baseline 0.011 -23"><span class='ocrx_word' id='word_1_226' title='bbox 1103 1196 1276 1237; x_wconf 85' lang='lat' dir='ltr'>prosunt,</span> <span class='ocrx_word' id='word_1_227' title='bbox 1292 1197 1331 1225; x_wconf 88' lang='lat' dir='ltr'>ut</span> <span class='ocrx_word' id='word_1_228' title='bbox 1349 1188 1410 1226; x_wconf 87' lang='lat' dir='ltr'>ille</span> <span class='ocrx_word' id='word_1_229' title='bbox 1426 1189 1521 1228; x_wconf 79' lang='lat' dir='ltr'>clare</span> <span class='ocrx_word' id='word_1_230' title='bbox 1537 1191 1648 1230; x_wconf 88' lang='lat' dir='ltr'>novit.</span> <span class='ocrx_word' id='word_1_231' title='bbox 1671 1193 1771 1245; x_wconf 81' lang='lat' dir='ltr'>Saepe</span> <span class='ocrx_word' id='word_1_232' title='bbox 1782 1195 1940 1246; x_wconf 81' lang='lat' dir='ltr'><strong>postulas</strong></span> <span class='ocrx_word' id='word_1_233' title='bbox 1954 1196 2063 1234; x_wconf 72' lang='lat' dir='ltr'>noxia</span> 
     </span>
    </p>
   </div>
   <div class='ocr_carea' id='block_1_9' title="bbox 15 1246 2063 1307">
    <p class='ocr_par' dir='ltr' id='par_1_9' title="bbox 15 1246 2063 1307">
     <span class='ocr_line' id='line_1_33' title="bbox 15 1246 2063 1307; baseline 0.005 -23"><span class='ocrx_word' id='word_1_234' title='bbox 15 1246 69 1290; x_wconf 89' lang='grc' dir='ltr'>νός</span> <span class='ocrx_word' id='word_1_235' title='bbox 91 1263 151 1285; x_wconf 89' lang='grc' dir='ltr'>σου</span> <span class='ocrx_word' id='word_1_236' title='bbox 171 1250 232 1294; x_wconf 76' lang='grc' dir='ltr'>τῆς</span> <span class='ocrx_word' id='word_1_237' title='bbox 261 1247 446 1299; x_wconf 76' lang='grc' dir='ltr'>σωτηρίας,</span> <span class='ocrx_word' id='word_1_238' title='bbox 468 1249 506 1285; x_wconf 79' lang='grc' dir='ltr'>οὐ</span> <span class='ocrx_word' id='word_1_239' title='bbox 523 1250 565 1299; x_wconf 76' lang='grc' dir='ltr'>τῇ</span> <span class='ocrx_word' id='word_1_240' title='bbox 586 1246 723 1293; x_wconf 77' lang='grc' dir='ltr'>αἰτήσει</span> <span class='ocrx_word' id='word_1_241' title='bbox 741 1246 927 1299; x_wconf 82' lang='grc' dir='ltr'>προσέχει,</span> <span class='ocrx_word' id='word_1_242' title='bbox 943 1247 1034 1285; x_wconf 81' lang='grc' dir='ltr'>ἀλλὰ</span> <span class='ocrx_word' id='word_1_243' title='bbox 1057 1258 1081 1288; x_wconf 81' lang='grc' dir='ltr'><strong>Ε</strong></span> <span class='ocrx_word' id='word_1_244' title='bbox 1103 1255 1137 1284; x_wconf 88' lang='lat' dir='ltr'>et</span> <span class='ocrx_word' id='word_1_245' title='bbox 1153 1246 1324 1286; x_wconf 76' lang='lat' dir='ltr'>damnosa</span> <span class='ocrx_word' id='word_1_246' title='bbox 1350 1264 1358 1285; x_wconf 71' lang='grc' dir='ltr'>τ</span> <span class='ocrx_word' id='word_1_247' title='bbox 1379 1249 1441 1287; x_wconf 86' lang='lat' dir='ltr'>ille</span> <span class='ocrx_word' id='word_1_248' title='bbox 1460 1265 1543 1289; x_wconf 79' lang='lat' dir='ltr'>vero</span> <span class='ocrx_word' id='word_1_249' title='bbox 1559 1252 1815 1291; x_wconf 77' lang='lat' dir='ltr'>salutemtuam</span> <span class='ocrx_word' id='word_1_250' title='bbox 1831 1256 1944 1307; x_wconf 79' lang='lat' dir='ltr'>magis</span> <span class='ocrx_word' id='word_1_251' title='bbox 1955 1271 2063 1307; x_wconf 79' lang='lat' dir='ltr'>quam</span> 
     </span>
    </p>
   </div>
   <div class='ocr_carea' id='block_1_10' title="bbox 7 1307 1031 1726">
    <p class='ocr_par' dir='ltr' id='par_1_10' title="bbox 7 1307 1031 1726">
     <span class='ocr_line' id='line_1_34' title="bbox 11 1307 1031 1360; baseline 0.001 -15"><span class='ocrx_word' id='word_1_252' title='bbox 11 1307 79 1360; x_wconf 83' lang='grc' dir='ltr'>πρὸ</span> <span class='ocrx_word' id='word_1_253' title='bbox 106 1307 235 1354; x_wconf 81' lang='grc' dir='ltr'>ταύτης</span> <span class='ocrx_word' id='word_1_254' title='bbox 263 1308 302 1346; x_wconf 82' lang='grc' dir='ltr'>τὸ</span> <span class='ocrx_word' id='word_1_255' title='bbox 333 1307 506 1360; x_wconf 82' lang='grc' dir='ltr'>συμφέρον</span> <span class='ocrx_word' id='word_1_256' title='bbox 533 1323 587 1346; x_wconf 92' lang='grc' dir='ltr'>σοι</span> <span class='ocrx_word' id='word_1_257' title='bbox 618 1311 800 1359; x_wconf 77' lang='grc' dir='ltr'>πανταχοῦ</span> <span class='ocrx_word' id='word_1_258' title='bbox 830 1313 966 1346; x_wconf 87' lang='grc' dir='ltr'>σκοπεῖ.</span> <span class='ocrx_word' id='word_1_259' title='bbox 987 1310 1031 1346; x_wconf 81' lang='grc' dir='ltr'>Εἰ</span> 
     </span>
     <span class='ocr_line' id='line_1_35' title="bbox 12 1368 1030 1422; baseline -0.001 -15"><span class='ocrx_word' id='word_1_260' title='bbox 12 1369 79 1422; x_wconf 81' lang='grc' dir='ltr'>γὰρ</span> <span class='ocrx_word' id='word_1_261' title='bbox 107 1371 137 1407; x_wconf 83' lang='grc' dir='ltr'>οἱ</span> <span class='ocrx_word' id='word_1_262' title='bbox 167 1369 258 1407; x_wconf 83' lang='grc' dir='ltr'>κατὰ</span> <span class='ocrx_word' id='word_1_263' title='bbox 291 1369 405 1421; x_wconf 88' lang='grc' dir='ltr'>σάρκα</span> <span class='ocrx_word' id='word_1_264' title='bbox 431 1368 579 1422; x_wconf 83' lang='grc' dir='ltr'>πατέρες</span> <span class='ocrx_word' id='word_1_265' title='bbox 605 1371 643 1407; x_wconf 81' lang='grc' dir='ltr'>οὐ</span> <span class='ocrx_word' id='word_1_266' title='bbox 664 1369 778 1406; x_wconf 85' lang='grc' dir='ltr'>πάντα</span> <span class='ocrx_word' id='word_1_267' title='bbox 803 1371 940 1407; x_wconf 80' lang='grc' dir='ltr'>αἰτοῦσι</span> <span class='ocrx_word' id='word_1_268' title='bbox 957 1375 1030 1412; x_wconf 92' lang='grc' dir='ltr'>τοῖς</span> 
     </span>
     <span class='ocr_line' id='line_1_36' title="bbox 13 1430 1024 1482; baseline -0.002 -14"><span class='ocrx_word' id='word_1_269' title='bbox 13 1430 162 1474; x_wconf 78' lang='grc' dir='ltr'>παιδίοις</span> <span class='ocrx_word' id='word_1_270' title='bbox 189 1430 413 1482; x_wconf 75' lang='grc' dir='ltr'>παρέχουσιν,</span> <span class='ocrx_word' id='word_1_271' title='bbox 433 1433 495 1469; x_wconf 81' lang='grc' dir='ltr'>οὐκ</span> <span class='ocrx_word' id='word_1_272' title='bbox 519 1430 639 1477; x_wconf 84' lang='grc' dir='ltr'>ἐπειδὴ</span> <span class='ocrx_word' id='word_1_273' title='bbox 671 1434 944 1482; x_wconf 76' lang='grc' dir='ltr'>καταφρονοῦσιν</span> <span class='ocrx_word' id='word_1_274' title='bbox 964 1431 1024 1467; x_wconf 81' lang='grc' dir='ltr'>αὖ·</span> 
     </span>
     <span class='ocr_line' id='line_1_37' title="bbox 10 1490 1027 1543; baseline -0.001 -15"><span class='ocrx_word' id='word_1_275' title='bbox 10 1494 101 1537; x_wconf 83' lang='grc' dir='ltr'>τῶν,</span> <span class='ocrx_word' id='word_1_276' title='bbox 126 1491 204 1529; x_wconf 85' lang='grc' dir='ltr'>ἀλλ’</span> <span class='ocrx_word' id='word_1_277' title='bbox 233 1491 352 1538; x_wconf 82' lang='grc' dir='ltr'>ἐπειδὴ</span> <span class='ocrx_word' id='word_1_278' title='bbox 383 1491 536 1541; x_wconf 87' lang='grc' dir='ltr'>μάλιστα</span> <span class='ocrx_word' id='word_1_279' title='bbox 562 1490 726 1537; x_wconf 75' lang='grc' dir='ltr'>κήδονται</span> <span class='ocrx_word' id='word_1_280' title='bbox 754 1492 887 1528; x_wconf 81' lang='grc' dir='ltr'>αὐτῶν·</span> <span class='ocrx_word' id='word_1_281' title='bbox 906 1492 1027 1543; x_wconf 81' lang='grc' dir='ltr'>πολλῷ</span> 
     </span>
     <span class='ocr_line' id='line_1_38' title="bbox 10 1551 1027 1604; baseline 0 -14"><span class='ocrx_word' id='word_1_282' title='bbox 10 1553 139 1602; x_wconf 83' lang='grc' dir='ltr'>μᾶλλον</span> <span class='ocrx_word' id='word_1_283' title='bbox 158 1555 175 1590; x_wconf 86' lang='grc' dir='ltr'>ὁ</span> <span class='ocrx_word' id='word_1_284' title='bbox 194 1552 303 1598; x_wconf 87' lang='grc' dir='ltr'>Θεὸς,</span> <span class='ocrx_word' id='word_1_285' title='bbox 322 1551 381 1590; x_wconf 81' lang='grc' dir='ltr'>καὶ</span> <span class='ocrx_word' id='word_1_286' title='bbox 401 1554 532 1602; x_wconf 81' lang='grc' dir='ltr'>μᾶλλον</span> <span class='ocrx_word' id='word_1_287' title='bbox 550 1553 677 1604; x_wconf 78' lang='grc' dir='ltr'>φιλῶν,</span> <span class='ocrx_word' id='word_1_288' title='bbox 697 1552 756 1591; x_wconf 85' lang='grc' dir='ltr'>καὶ</span> <span class='ocrx_word' id='word_1_289' title='bbox 781 1551 886 1590; x_wconf 80' lang='grc' dir='ltr'>πλέον</span> <span class='ocrx_word' id='word_1_290' title='bbox 916 1551 1027 1590; x_wconf 81' lang='grc' dir='ltr'>ἁπάν-</span> 
     </span>
     <span class='ocr_line' id='line_1_39' title="bbox 7 1612 1025 1664; baseline 0 -14"><span class='ocrx_word' id='word_1_291' title='bbox 7 1629 73 1650; x_wconf 88' lang='grc' dir='ltr'>των</span> <span class='ocrx_word' id='word_1_292' title='bbox 91 1612 150 1650; x_wconf 82' lang='grc' dir='ltr'>καὶ</span> <span class='ocrx_word' id='word_1_293' title='bbox 175 1613 214 1651; x_wconf 88' lang='grc' dir='ltr'>τὸ</span> <span class='ocrx_word' id='word_1_294' title='bbox 231 1612 405 1664; x_wconf 84' lang='grc' dir='ltr'>συμφέρον</span> <span class='ocrx_word' id='word_1_295' title='bbox 435 1612 550 1661; x_wconf 84' lang='grc' dir='ltr'>εἰδὼς,</span> <span class='ocrx_word' id='word_1_296' title='bbox 569 1616 671 1651; x_wconf 91' lang='grc' dir='ltr'>τοῦτο</span> <span class='ocrx_word' id='word_1_297' title='bbox 695 1619 802 1651; x_wconf 88' lang='grc' dir='ltr'>ποιεῖ.</span> <span class='ocrx_word' id='word_1_298' title='bbox 830 1612 1025 1664; x_wconf 83' lang='grc' dir='ltr'>Σχολάσω-</span> 
     </span>
     <span class='ocr_line' id='line_1_40' title="bbox 8 1668 1022 1726; baseline 0 -14"><span class='ocrx_word' id='word_1_299' title='bbox 8 1690 70 1725; x_wconf 85' lang='grc' dir='ltr'>μεν</span> <span class='ocrx_word' id='word_1_300' title='bbox 90 1668 147 1712; x_wconf 70' lang='grc' dir='ltr'>οῦν</span> <span class='ocrx_word' id='word_1_301' title='bbox 162 1679 236 1717; x_wconf 87' lang='grc' dir='ltr'>ταῖς</span> <span class='ocrx_word' id='word_1_302' title='bbox 258 1675 376 1726; x_wconf 81' lang='grc' dir='ltr'>εὐχαῖς</span> <span class='ocrx_word' id='word_1_303' title='bbox 395 1675 579 1720; x_wconf 75' lang='grc' dir='ltr'>διηνεκῶς,</span> <span class='ocrx_word' id='word_1_304' title='bbox 609 1674 658 1725; x_wconf 88' lang='grc' dir='ltr'>μὴ</span> <span class='ocrx_word' id='word_1_305' title='bbox 681 1674 783 1725; x_wconf 89' lang='grc' dir='ltr'>μόνον</span> <span class='ocrx_word' id='word_1_306' title='bbox 804 1675 846 1712; x_wconf 78' lang='grc' dir='ltr'>δι’</span> <span class='ocrx_word' id='word_1_307' title='bbox 868 1673 1022 1725; x_wconf 80' lang='grc' dir='ltr'>ἡμέρας,</span> 
     </span>
    </p>
   </div>
   <div class='ocr_carea' id='block_1_11' title="bbox 1095 1311 2062 1734">
    <p class='ocr_par' dir='ltr' id='par_1_11' title="bbox 1095 1311 2062 1734">
     <span class='ocr_line' id='line_1_41' title="bbox 1103 1311 2062 1364; baseline 0.011 -20"><span class='ocrx_word' id='word_1_308' title='bbox 1103 1315 1141 1345; x_wconf 85' lang='lat' dir='ltr'>tn</span> <span class='ocrx_word' id='word_1_309' title='bbox 1156 1322 1299 1357; x_wconf 82' lang='lat' dir='ltr'>curans,</span> <span class='ocrx_word' id='word_1_310' title='bbox 1317 1323 1386 1347; x_wconf 86' lang='lat' dir='ltr'>non</span> <span class='ocrx_word' id='word_1_311' title='bbox 1397 1311 1548 1350; x_wconf 75' lang='lat' dir='ltr'>attendit</span> <span class='ocrx_word' id='word_1_312' title='bbox 1568 1313 1731 1364; x_wconf 86' lang='lat' dir='ltr'>petitioni</span> <span class='ocrx_word' id='word_1_313' title='bbox 1748 1331 1757 1359; x_wconf 87' lang='lat'>;</span> <span class='ocrx_word' id='word_1_314' title='bbox 1778 1315 1840 1353; x_wconf 88' lang='lat' dir='ltr'>sed</span> <span class='ocrx_word' id='word_1_315' title='bbox 1857 1317 1964 1354; x_wconf 85' lang='lat' dir='ltr'>etiam</span> <span class='ocrx_word' id='word_1_316' title='bbox 1982 1327 2062 1355; x_wconf 78' lang='lat' dir='ltr'>ante</span> 
     </span>
     <span class='ocr_line' id='line_1_42' title="bbox 1102 1371 2061 1429; baseline 0.011 -24"><span class='ocrx_word' id='word_1_317' title='bbox 1102 1382 1209 1419; x_wconf 85' lang='lat' dir='ltr'>quam</span> <span class='ocrx_word' id='word_1_318' title='bbox 1227 1371 1381 1421; x_wconf 84' lang='lat' dir='ltr'>preceris</span> <span class='ocrx_word' id='word_1_319' title='bbox 1398 1401 1406 1419; x_wconf 89' lang='lat'><strong><em>,</em></strong></span> <span class='ocrx_word' id='word_1_320' title='bbox 1433 1372 1521 1422; x_wconf 91' lang='lat' dir='ltr'>quid</span> <span class='ocrx_word' id='word_1_321' title='bbox 1539 1373 1604 1410; x_wconf 88' lang='lat' dir='ltr'>tibi</span> <span class='ocrx_word' id='word_1_322' title='bbox 1625 1374 1798 1414; x_wconf 75' lang='lat' dir='ltr'>conducat</span> <span class='ocrx_word' id='word_1_323' title='bbox 1815 1376 1949 1428; x_wconf 87' lang='lat' dir='ltr'>ubique</span> <span class='ocrx_word' id='word_1_324' title='bbox 1981 1392 2061 1429; x_wconf 86' lang='lat' dir='ltr'>pro·</span> 
     </span>
     <span class='ocr_line' id='line_1_43' title="bbox 1100 1431 2062 1492; baseline 0.012 -25"><span class='ocrx_word' id='word_1_325' title='bbox 1100 1431 1217 1483; x_wconf 89' lang='lat' dir='ltr'>spicit.</span> <span class='ocrx_word' id='word_1_326' title='bbox 1237 1432 1386 1470; x_wconf 84' lang='lat' dir='ltr'>sienim</span> <span class='ocrx_word' id='word_1_327' title='bbox 1405 1434 1564 1472; x_wconf 76' lang='lat' dir='ltr'>carnales</span> <span class='ocrx_word' id='word_1_328' title='bbox 1582 1444 1699 1487; x_wconf 82' lang='lat' dir='ltr'>patres</span> <span class='ocrx_word' id='word_1_329' title='bbox 1731 1438 1862 1489; x_wconf 83' lang='lat' dir='ltr'>puellis</span> <span class='ocrx_word' id='word_1_330' title='bbox 1895 1440 1969 1478; x_wconf 90' lang='lat' dir='ltr'>suis</span> <span class='ocrx_word' id='word_1_331' title='bbox 1996 1454 2062 1492; x_wconf 83' lang='lat' dir='ltr'>pe-</span> 
     </span>
     <span class='ocr_line' id='line_1_44' title="bbox 1098 1491 2060 1549; baseline 0.009 -21"><span class='ocrx_word' id='word_1_332' title='bbox 1098 1491 1254 1529; x_wconf 81' lang='lat' dir='ltr'>tentibus</span> <span class='ocrx_word' id='word_1_333' title='bbox 1273 1505 1342 1529; x_wconf 89' lang='lat' dir='ltr'>non</span> <span class='ocrx_word' id='word_1_334' title='bbox 1363 1494 1481 1532; x_wconf 84' lang='lat' dir='ltr'>omnia</span> <span class='ocrx_word' id='word_1_335' title='bbox 1503 1494 1730 1546; x_wconf 76' lang='lat' dir='ltr'>largiuntur,</span> <span class='ocrx_word' id='word_1_336' title='bbox 1763 1511 1832 1535; x_wconf 90' lang='lat' dir='ltr'>non</span> <span class='ocrx_word' id='word_1_337' title='bbox 1853 1498 1951 1549; x_wconf 87' lang='lat' dir='ltr'>quod</span> <span class='ocrx_word' id='word_1_338' title='bbox 1976 1499 2060 1537; x_wconf 92' lang='lat' dir='ltr'>illos</span> 
     </span>
     <span class='ocr_line' id='line_1_45' title="bbox 1097 1550 2058 1611; baseline 0.009 -22"><span class='ocrx_word' id='word_1_339' title='bbox 1097 1550 1313 1604; x_wconf 87' lang='lat' dir='ltr'>despiciant,</span> <span class='ocrx_word' id='word_1_340' title='bbox 1334 1553 1398 1591; x_wconf 83' lang='lat' dir='ltr'>sed</span> <span class='ocrx_word' id='word_1_341' title='bbox 1411 1554 1495 1604; x_wconf 86' lang='lat' dir='ltr'>quia</span> <span class='ocrx_word' id='word_1_342' title='bbox 1511 1556 1704 1594; x_wconf 73' lang='lat' dir='ltr'>maximam</span> <span class='ocrx_word' id='word_1_343' title='bbox 1719 1571 1843 1596; x_wconf 88' lang='lat' dir='ltr'>corum</span> <span class='ocrx_word' id='word_1_344' title='bbox 1861 1573 1983 1597; x_wconf 84' lang='lat' dir='ltr'>curam</span> <span class='ocrx_word' id='word_1_345' title='bbox 1999 1574 2058 1611; x_wconf 76' lang='lat' dir='ltr'>ge—</span> 
     </span>
     <span class='ocr_line' id='line_1_46' title="bbox 1095 1614 2059 1670; baseline 0.01 -21"><span class='ocrx_word' id='word_1_346' title='bbox 1095 1621 1180 1650; x_wconf 89' lang='lat' dir='ltr'>runt</span> <span class='ocrx_word' id='word_1_347' title='bbox 1217 1630 1224 1651; x_wconf 93' lang='lat'>:</span> <span class='ocrx_word' id='word_1_348' title='bbox 1261 1614 1375 1652; x_wconf 91' lang='lat' dir='ltr'>multo</span> <span class='ocrx_word' id='word_1_349' title='bbox 1395 1615 1508 1667; x_wconf 81' lang='lat' dir='ltr'>magis</span> <span class='ocrx_word' id='word_1_350' title='bbox 1540 1619 1660 1665; x_wconf 85' lang='lat' dir='ltr'>Deus,</span> <span class='ocrx_word' id='word_1_351' title='bbox 1694 1618 1756 1669; x_wconf 91' lang='lat' dir='ltr'>qui</span> <span class='ocrx_word' id='word_1_352' title='bbox 1776 1619 1858 1670; x_wconf 88' lang='lat' dir='ltr'>plus</span> <span class='ocrx_word' id='word_1_353' title='bbox 1877 1630 1991 1668; x_wconf 83' lang='lat' dir='ltr'>amat,</span> <span class='ocrx_word' id='word_1_354' title='bbox 2025 1630 2059 1659; x_wconf 83' lang='lat' dir='ltr'>et</span> 
     </span>
     <span class='ocr_line' id='line_1_47' title="bbox 1095 1673 2058 1734; baseline 0.009 -24"><span class='ocrx_word' id='word_1_355' title='bbox 1095 1673 1178 1726; x_wconf 90' lang='lat' dir='ltr'>plus</span> <span class='ocrx_word' id='word_1_356' title='bbox 1193 1689 1299 1725; x_wconf 88' lang='lat' dir='ltr'>quam</span> <span class='ocrx_word' id='word_1_357' title='bbox 1315 1689 1436 1714; x_wconf 86' lang='lat' dir='ltr'>omncs</span> <span class='ocrx_word' id='word_1_358' title='bbox 1455 1676 1544 1727; x_wconf 92' lang='lat' dir='ltr'>quid</span> <span class='ocrx_word' id='word_1_359' title='bbox 1572 1678 1618 1715; x_wconf 88' lang='lat' dir='ltr'>sit</span> <span class='ocrx_word' id='word_1_360' title='bbox 1637 1679 1724 1717; x_wconf 91' lang='lat' dir='ltr'>utile</span> <span class='ocrx_word' id='word_1_361' title='bbox 1756 1681 1877 1728; x_wconf 74' lang='lat' dir='ltr'>novit,</span> <span class='ocrx_word' id='word_1_362' title='bbox 1898 1681 2058 1734; x_wconf 88' lang='lat' dir='ltr'>idipsum</span> 
     </span>
    </p>
   </div>
   <div class='ocr_carea' id='block_1_12' title="bbox 4 1735 2059 1854">
    <p class='ocr_par' dir='ltr' id='par_1_12' title="bbox 4 1735 2059 1854">
     <span class='ocr_line' id='line_1_48' title="bbox 6 1735 2059 1796; baseline 0.004 -22"><span class='ocrx_word' id='word_1_363' title='bbox 6 1736 94 1774; x_wconf 85' lang='grc' dir='ltr'>ἀλλὰ</span> <span class='ocrx_word' id='word_1_364' title='bbox 113 1735 172 1774; x_wconf 81' lang='grc' dir='ltr'>καὶ</span> <span class='ocrx_word' id='word_1_365' title='bbox 192 1735 248 1773; x_wconf 78' lang='grc' dir='ltr'>διὰ</span> <span class='ocrx_word' id='word_1_366' title='bbox 271 1736 404 1779; x_wconf 88' lang='grc' dir='ltr'>νυκτός.</span> <span class='ocrx_word' id='word_1_367' title='bbox 428 1735 593 1774; x_wconf 82' lang='grc' dir='ltr'>Ἄκουσον</span> <span class='ocrx_word' id='word_1_368' title='bbox 612 1737 679 1788; x_wconf 86' lang='grc' dir='ltr'>γὰρ</span> <span class='ocrx_word' id='word_1_369' title='bbox 704 1736 737 1774; x_wconf 91' lang='grc' dir='ltr'>τί</span> <span class='ocrx_word' id='word_1_370' title='bbox 757 1752 860 1790; x_wconf 85' lang='grc' dir='ltr'>φησιν</span> <span class='ocrx_word' id='word_1_371' title='bbox 885 1737 988 1780; x_wconf 83' lang='grc' dir='ltr'>αὐτὸς</span> <span class='ocrx_word' id='word_1_372' title='bbox 1006 1740 1023 1775; x_wconf 85' lang='grc' dir='ltr'>ὁ</span> <span class='ocrx_word' id='word_1_373' title='bbox 1037 1745 1250 1796; x_wconf 61' lang='lat' dir='ltr'>513Pm²⁵¹at¹</span> <span class='ocrx_word' id='word_1_374' title='bbox 1271 1738 1440 1775; x_wconf 86' lang='lat' dir='ltr'>Precibus</span> <span class='ocrx_word' id='word_1_375' title='bbox 1452 1753 1535 1791; x_wconf 81' lang='lat' dir='ltr'>ergo</span> <span class='ocrx_word' id='word_1_376' title='bbox 1553 1754 1720 1778; x_wconf 81' lang='lat' dir='ltr'>vacemus</span> <span class='ocrx_word' id='word_1_377' title='bbox 1735 1742 1900 1789; x_wconf 79' lang='lat' dir='ltr'>assidue,</span> <span class='ocrx_word' id='word_1_378' title='bbox 1915 1757 1983 1781; x_wconf 91' lang='lat' dir='ltr'>non</span> <span class='ocrx_word' id='word_1_379' title='bbox 1999 1743 2059 1782; x_wconf 84' lang='lat' dir='ltr'>die</span> 
     </span>
     <span class='ocr_line' id='line_1_49' title="bbox 4 1787 2056 1854; baseline 0.003 -19"><span class='ocrx_word' id='word_1_380' title='bbox 4 1797 198 1850; x_wconf 78' lang='grc' dir='ltr'>προφήτης·</span> <span class='ocrx_word' id='word_1_381' title='bbox 214 1797 452 1835; x_wconf 82' lang='grc' dir='ltr'>Μεσονύκτιον</span> <span class='ocrx_word' id='word_1_382' title='bbox 471 1796 701 1849; x_wconf 80' lang='grc' dir='ltr'>ἐξηγειρόμην</span> <span class='ocrx_word' id='word_1_383' title='bbox 721 1802 780 1835; x_wconf 91' lang='grc' dir='ltr'>τοῦ</span> <span class='ocrx_word' id='word_1_384' title='bbox 807 1797 1022 1848; x_wconf 79' lang='grc' dir='ltr'>ἐξομολογεῖ-</span> <span class='ocrx_word' id='word_1_385' title='bbox 1047 1787 1075 1839; x_wconf 54' lang='lat' dir='ltr'>J&amp;</span> <span class='ocrx_word' id='word_1_386' title='bbox 1095 1797 1211 1835; x_wconf 88' lang='lat' dir='ltr'>solum</span> <span class='ocrx_word' id='word_1_387' title='bbox 1225 1827 1235 1846; x_wconf 85' lang='lat'>‚</span> <span class='ocrx_word' id='word_1_388' title='bbox 1262 1797 1324 1835; x_wconf 86' lang='lat' dir='ltr'>sed</span> <span class='ocrx_word' id='word_1_389' title='bbox 1346 1799 1450 1836; x_wconf 80' lang='lat' dir='ltr'>etiam</span> <span class='ocrx_word' id='word_1_390' title='bbox 1479 1809 1601 1837; x_wconf 83' lang='lat' dir='ltr'>noctu.</span> <span class='ocrx_word' id='word_1_391' title='bbox 1624 1800 1719 1838; x_wconf 78' lang='lat' dir='ltr'>Audi</span> <span class='ocrx_word' id='word_1_392' title='bbox 1740 1802 1835 1840; x_wconf 84' lang='lat' dir='ltr'>enim</span> <span class='ocrx_word' id='word_1_393' title='bbox 1856 1803 1945 1854; x_wconf 87' lang='lat' dir='ltr'>quid</span> <span class='ocrx_word' id='word_1_394' title='bbox 1962 1803 2056 1842; x_wconf 81' lang='lat' dir='ltr'>dicat</span> 
     </span>
    </p>
   </div>
   <div class='ocr_carea' id='block_1_13' title="bbox 2 1857 1032 3134">
    <p class='ocr_par' dir='ltr' id='par_1_13' title="bbox 2 1857 1032 3134">
     <span class='ocr_line' id='line_1_50' title="bbox 3 1857 1022 1910; baseline 0 -15"><span class='ocrx_word' id='word_1_395' title='bbox 3 1859 80 1896; x_wconf 87' lang='grc' dir='ltr'>σθαί</span> <span class='ocrx_word' id='word_1_396' title='bbox 110 1873 164 1895; x_wconf 89' lang='grc' dir='ltr'>σοι</span> <span class='ocrx_word' id='word_1_397' title='bbox 183 1858 240 1896; x_wconf 80' lang='grc' dir='ltr'>ἐπὶ</span> <span class='ocrx_word' id='word_1_398' title='bbox 267 1857 311 1896; x_wconf 80' lang='grc' dir='ltr'>τὰ</span> <span class='ocrx_word' id='word_1_399' title='bbox 330 1858 484 1910; x_wconf 86' lang='grc' dir='ltr'>κρίματα</span> <span class='ocrx_word' id='word_1_400' title='bbox 511 1861 573 1904; x_wconf 69' lang='grc' dir='ltr'>τῆς</span> <span class='ocrx_word' id='word_1_401' title='bbox 603 1857 822 1905; x_wconf 83' lang='grc' dir='ltr'>δικαιοσύνης</span> <span class='ocrx_word' id='word_1_402' title='bbox 853 1874 925 1896; x_wconf 90' lang='grc' dir='ltr'>σου.</span> <span class='ocrx_word' id='word_1_403' title='bbox 945 1857 1022 1896; x_wconf 82' lang='grc' dir='ltr'>Ἄν-</span> 
     </span>
     <span class='ocr_line' id='line_1_51' title="bbox 2 1917 1023 1971; baseline 0 -15"><span class='ocrx_word' id='word_1_404' title='bbox 2 1922 135 1971; x_wconf 89' lang='grc' dir='ltr'>θρωπος</span> <span class='ocrx_word' id='word_1_405' title='bbox 167 1917 328 1970; x_wconf 76' lang='grc' dir='ltr'>βασιλεὺς</span> <span class='ocrx_word' id='word_1_406' title='bbox 358 1920 392 1956; x_wconf 82' lang='grc' dir='ltr'>ἐν</span> <span class='ocrx_word' id='word_1_407' title='bbox 413 1918 571 1970; x_wconf 83' lang='grc' dir='ltr'>φροντίσι</span> <span class='ocrx_word' id='word_1_408' title='bbox 602 1918 787 1963; x_wconf 84' lang='grc' dir='ltr'>τοσαύταις</span> <span class='ocrx_word' id='word_1_409' title='bbox 815 1918 882 1965; x_wconf 83' lang='grc' dir='ltr'>ὢν,</span> <span class='ocrx_word' id='word_1_410' title='bbox 903 1918 1023 1969; x_wconf 75' lang='grc' dir='ltr'>δήμων</span> 
     </span>
     <span class='ocr_line' id='line_1_52' title="bbox 3 1978 1022 2032; baseline -0.001 -14"><span class='ocrx_word' id='word_1_411' title='bbox 3 1980 60 2018; x_wconf 83' lang='grc' dir='ltr'>καὶ</span> <span class='ocrx_word' id='word_1_412' title='bbox 76 1980 210 2018; x_wconf 90' lang='grc' dir='ltr'>πόλεων</span> <span class='ocrx_word' id='word_1_413' title='bbox 231 1979 290 2017; x_wconf 77' lang='grc' dir='ltr'>καὶ</span> <span class='ocrx_word' id='word_1_414' title='bbox 304 1983 317 1999; x_wconf 73' lang='lat'>³</span> <span class='ocrx_word' id='word_1_415' title='bbox 331 1981 434 2017; x_wconf 84' lang='grc' dir='ltr'>ἐθνῶν</span> <span class='ocrx_word' id='word_1_416' title='bbox 453 1978 566 2031; x_wconf 74' lang='grc' dir='ltr'>ἀρχὴν</span> <span class='ocrx_word' id='word_1_417' title='bbox 593 1979 908 2032; x_wconf 82' lang='grc' dir='ltr'>ἐγκεχειρισμένος,</span> <span class='ocrx_word' id='word_1_418' title='bbox 925 1979 1022 2031; x_wconf 77' lang='grc' dir='ltr'>εἰρή-</span> 
     </span>
     <span class='ocr_line' id='line_1_53' title="bbox 3 2040 1024 2094; baseline 0 -16"><span class='ocrx_word' id='word_1_419' title='bbox 3 2057 63 2086; x_wconf 90' lang='grc' dir='ltr'>νης</span> <span class='ocrx_word' id='word_1_420' title='bbox 79 2040 277 2093; x_wconf 82' lang='grc' dir='ltr'>φροντίζων,</span> <span class='ocrx_word' id='word_1_421' title='bbox 295 2041 468 2091; x_wconf 84' lang='grc' dir='ltr'>πολέμους</span> <span class='ocrx_word' id='word_1_422' title='bbox 489 2040 684 2088; x_wconf 84' lang='grc' dir='ltr'>καταλύων,</span> <span class='ocrx_word' id='word_1_423' title='bbox 704 2041 922 2093; x_wconf 83' lang='grc' dir='ltr'>πραγμάτων</span> <span class='ocrx_word' id='word_1_424' title='bbox 939 2041 1024 2094; x_wconf 82' lang='grc' dir='ltr'>ἄφα-</span> 
     </span>
     <span class='ocr_line' id='line_1_54' title="bbox 3 2102 1023 2154; baseline 0.001 -15"><span class='ocrx_word' id='word_1_425' title='bbox 3 2118 60 2140; x_wconf 91' lang='grc' dir='ltr'>τον</span> <span class='ocrx_word' id='word_1_426' title='bbox 83 2102 185 2153; x_wconf 84' lang='grc' dir='ltr'>ὄχλον</span> <span class='ocrx_word' id='word_1_427' title='bbox 211 2105 298 2152; x_wconf 79' lang='grc' dir='ltr'>ὁρῶν</span> <span class='ocrx_word' id='word_1_428' title='bbox 315 2102 394 2153; x_wconf 85' lang='grc' dir='ltr'>περὶ</span> <span class='ocrx_word' id='word_1_429' title='bbox 414 2102 517 2140; x_wconf 77' lang='grc' dir='ltr'>αὐτὸν</span> <span class='ocrx_word' id='word_1_430' title='bbox 536 2102 590 2140; x_wconf 81' lang='grc' dir='ltr'>ἀεὶ</span> <span class='ocrx_word' id='word_1_431' title='bbox 608 2106 845 2154; x_wconf 80' lang='grc' dir='ltr'>περιεστῶτα,</span> <span class='ocrx_word' id='word_1_432' title='bbox 862 2103 939 2141; x_wconf 82' lang='grc' dir='ltr'>οὐδὲ</span> <span class='ocrx_word' id='word_1_433' title='bbox 962 2118 1023 2152; x_wconf 89' lang='grc' dir='ltr'>μι-</span> 
     </span>
     <span class='ocr_line' id='line_1_55' title="bbox 3 2162 1023 2216; baseline -0.001 -15"><span class='ocrx_word' id='word_1_434' title='bbox 3 2162 82 2215; x_wconf 82' lang='grc' dir='ltr'>κρὸν</span> <span class='ocrx_word' id='word_1_435' title='bbox 110 2163 322 2200; x_wconf 78' lang='grc' dir='ltr'>ἀναπνεῦσαι</span> <span class='ocrx_word' id='word_1_436' title='bbox 343 2162 455 2214; x_wconf 84' lang='grc' dir='ltr'>ἔχων,</span> <span class='ocrx_word' id='word_1_437' title='bbox 480 2165 518 2201; x_wconf 86' lang='grc' dir='ltr'>οὖ</span> <span class='ocrx_word' id='word_1_438' title='bbox 549 2163 650 2214; x_wconf 86' lang='grc' dir='ltr'>μόνον</span> <span class='ocrx_word' id='word_1_439' title='bbox 670 2163 731 2206; x_wconf 85' lang='grc' dir='ltr'>τὰς</span> <span class='ocrx_word' id='word_1_440' title='bbox 761 2164 912 2216; x_wconf 70' lang='grc' dir='ltr'>ἡμέρας,</span> <span class='ocrx_word' id='word_1_441' title='bbox 933 2163 1023 2201; x_wconf 79' lang='grc' dir='ltr'>ἀλλὰ</span> 
     </span>
     <span class='ocr_line' id='line_1_56' title="bbox 4 2224 1024 2276; baseline -0.001 -13"><span class='ocrx_word' id='word_1_442' title='bbox 4 2224 61 2263; x_wconf 81' lang='grc' dir='ltr'>καὶ</span> <span class='ocrx_word' id='word_1_443' title='bbox 81 2224 142 2267; x_wconf 86' lang='grc' dir='ltr'>τὰς</span> <span class='ocrx_word' id='word_1_444' title='bbox 160 2225 284 2266; x_wconf 88' lang='grc' dir='ltr'>νύκτας</span> <span class='ocrx_word' id='word_1_445' title='bbox 301 2224 498 2276; x_wconf 80' lang='grc' dir='ltr'>προσετίθει</span> <span class='ocrx_word' id='word_1_446' title='bbox 521 2230 596 2268; x_wconf 87' lang='grc' dir='ltr'>ταῖς</span> <span class='ocrx_word' id='word_1_447' title='bbox 616 2227 747 2276; x_wconf 81' lang='grc' dir='ltr'>εὐχαῖς.</span> <span class='ocrx_word' id='word_1_448' title='bbox 769 2226 812 2263; x_wconf 77' lang='grc' dir='ltr'>Εἰ</span> <span class='ocrx_word' id='word_1_449' title='bbox 829 2224 864 2262; x_wconf 83' lang='grc' dir='ltr'>δὲ</span> <span class='ocrx_word' id='word_1_450' title='bbox 885 2227 903 2262; x_wconf 79' lang='grc' dir='ltr'>ὁ</span> <span class='ocrx_word' id='word_1_451' title='bbox 924 2226 1024 2276; x_wconf 85' lang='grc' dir='ltr'>βασι-</span> 
     </span>
     <span class='ocr_line' id='line_1_57' title="bbox 4 2283 1026 2337; baseline -0.001 -14"><span class='ocrx_word' id='word_1_452' title='bbox 4 2283 80 2329; x_wconf 75' lang='grc' dir='ltr'>λεὺς</span> <span class='ocrx_word' id='word_1_453' title='bbox 95 2289 113 2324; x_wconf 82' lang='grc' dir='ltr'><strong>ὁ</strong></span> <span class='ocrx_word' id='word_1_454' title='bbox 131 2287 166 2323; x_wconf 82' lang='grc' dir='ltr'>ἐν</span> <span class='ocrx_word' id='word_1_455' title='bbox 182 2284 334 2335; x_wconf 77' lang='grc' dir='ltr'>τοσαύτῃ</span> <span class='ocrx_word' id='word_1_456' title='bbox 355 2288 466 2337; x_wconf 79' lang='grc' dir='ltr'>τρυφῇ</span> <span class='ocrx_word' id='word_1_457' title='bbox 489 2287 570 2332; x_wconf 77' lang='grc' dir='ltr'>ζῶν,</span> <span class='ocrx_word' id='word_1_458' title='bbox 593 2288 611 2323; x_wconf 82' lang='grc' dir='ltr'>ὁ</span> <span class='ocrx_word' id='word_1_459' title='bbox 625 2284 796 2328; x_wconf 72' lang='grc' dir='ltr'>τοσαύτας</span> <span class='ocrx_word' id='word_1_460' title='bbox 816 2285 907 2337; x_wconf 87' lang='grc' dir='ltr'>ἔχων</span> <span class='ocrx_word' id='word_1_461' title='bbox 927 2300 1026 2337; x_wconf 78' lang='grc' dir='ltr'>φρον-</span> 
     </span>
     <span class='ocr_line' id='line_1_58' title="bbox 5 2345 1024 2398; baseline -0.001 -14"><span class='ocrx_word' id='word_1_462' title='bbox 5 2346 98 2389; x_wconf 88' lang='grc' dir='ltr'>τίδας</span> <span class='ocrx_word' id='word_1_463' title='bbox 114 2376 123 2394; x_wconf 93' lang='grc'>,</span> <span class='ocrx_word' id='word_1_464' title='bbox 141 2349 158 2384; x_wconf 88' lang='grc' dir='ltr'>ὁ</span> <span class='ocrx_word' id='word_1_465' title='bbox 173 2345 347 2389; x_wconf 87' lang='grc' dir='ltr'>τοσούτοις</span> <span class='ocrx_word' id='word_1_466' title='bbox 375 2346 560 2397; x_wconf 77' lang='grc' dir='ltr'>πράγμασι</span> <span class='ocrx_word' id='word_1_467' title='bbox 590 2346 907 2398; x_wconf 87' lang='grc' dir='ltr'>περικυκλούμενος</span> <span class='ocrx_word' id='word_1_468' title='bbox 919 2375 928 2392; x_wconf 91' lang='grc'>,</span> <span class='ocrx_word' id='word_1_469' title='bbox 947 2345 1024 2384; x_wconf 82' lang='grc' dir='ltr'>οὐδὲ</span> 
     </span>
     <span class='ocr_line' id='line_1_59' title="bbox 5 2406 1025 2460; baseline 0 -15"><span class='ocrx_word' id='word_1_470' title='bbox 5 2406 67 2454; x_wconf 82' lang='grc' dir='ltr'>τὴν</span> <span class='ocrx_word' id='word_1_471' title='bbox 82 2407 188 2446; x_wconf 87' lang='grc' dir='ltr'>νύκτα</span> <span class='ocrx_word' id='word_1_472' title='bbox 203 2406 339 2460; x_wconf 84' lang='grc' dir='ltr'>ἠρέμει,</span> <span class='ocrx_word' id='word_1_473' title='bbox 359 2407 450 2446; x_wconf 85' lang='grc' dir='ltr'>ἀλλὰ</span> <span class='ocrx_word' id='word_1_474' title='bbox 471 2410 540 2445; x_wconf 86' lang='grc' dir='ltr'>τῶν</span> <span class='ocrx_word' id='word_1_475' title='bbox 561 2409 595 2446; x_wconf 78' lang='grc' dir='ltr'>ἓν</span> <span class='ocrx_word' id='word_1_476' title='bbox 615 2408 710 2460; x_wconf 85' lang='grc' dir='ltr'>ὄρεσι</span> <span class='ocrx_word' id='word_1_477' title='bbox 732 2408 938 2459; x_wconf 75' lang='grc' dir='ltr'>καθημένων</span> <span class='ocrx_word' id='word_1_478' title='bbox 958 2423 1025 2458; x_wconf 91' lang='grc' dir='ltr'>μο-</span> 
     </span>
     <span class='ocr_line' id='line_1_60' title="bbox 5 2465 1026 2520; baseline 0.002 -16"><span class='ocrx_word' id='word_1_479' title='bbox 5 2468 118 2519; x_wconf 85' lang='grc' dir='ltr'>ναχῶν</span> <span class='ocrx_word' id='word_1_480' title='bbox 133 2465 149 2487; x_wconf 77' lang='lat'>¹³</span> <span class='ocrx_word' id='word_1_481' title='bbox 163 2466 408 2520; x_wconf 68' lang='grc' dir='ltr'>ἀκριίῗέστερον</span> <span class='ocrx_word' id='word_1_482' title='bbox 429 2466 491 2510; x_wconf 79' lang='grc' dir='ltr'>τὰς</span> <span class='ocrx_word' id='word_1_483' title='bbox 510 2466 617 2520; x_wconf 80' lang='grc' dir='ltr'>εὐχὰς</span> <span class='ocrx_word' id='word_1_484' title='bbox 636 2467 841 2518; x_wconf 80' lang='grc' dir='ltr'>ποιούμενος</span> <span class='ocrx_word' id='word_1_485' title='bbox 860 2467 1026 2514; x_wconf 82' lang='grc' dir='ltr'>διετέλει,</span> 
     </span>
     <span class='ocr_line' id='line_1_61' title="bbox 12 2526 1026 2580; baseline 0.002 -15"><span class='ocrx_word' id='word_1_486' title='bbox 12 2526 133 2575; x_wconf 86' lang='grc' dir='ltr'>ποίας,</span> <span class='ocrx_word' id='word_1_487' title='bbox 166 2527 241 2566; x_wconf 84' lang='grc' dir='ltr'>εἶπέ</span> <span class='ocrx_word' id='word_1_488' title='bbox 273 2544 349 2579; x_wconf 86' lang='grc' dir='ltr'>μοι,</span> <span class='ocrx_word' id='word_1_489' title='bbox 379 2527 569 2579; x_wconf 84' lang='grc' dir='ltr'>τευξόμεθα</span> <span class='ocrx_word' id='word_1_490' title='bbox 602 2528 811 2580; x_wconf 86' lang='grc' dir='ltr'>συγγνώμης</span> <span class='ocrx_word' id='word_1_491' title='bbox 842 2532 961 2579; x_wconf 73' lang='grc' dir='ltr'>ἡμεῖς,</span> <span class='ocrx_word' id='word_1_492' title='bbox 991 2531 1026 2567; x_wconf 84' lang='grc' dir='ltr'>ἐν</span> 
     </span>
     <span class='ocr_line' id='line_1_62' title="bbox 13 2589 1026 2643; baseline 0.004 -18"><span class='ocrx_word' id='word_1_493' title='bbox 13 2589 109 2641; x_wconf 74' lang='grc' dir='ltr'>ἀδείᾳ</span> <span class='ocrx_word' id='word_1_494' title='bbox 128 2589 189 2640; x_wconf 87' lang='grc' dir='ltr'>μὲν</span> <span class='ocrx_word' id='word_1_495' title='bbox 208 2591 329 2634; x_wconf 82' lang='grc' dir='ltr'>ζῶντες</span> <span class='ocrx_word' id='word_1_496' title='bbox 346 2591 471 2642; x_wconf 86' lang='grc' dir='ltr'>πολλῇ,</span> <span class='ocrx_word' id='word_1_497' title='bbox 491 2590 549 2628; x_wconf 87' lang='grc' dir='ltr'>καὶ</span> <span class='ocrx_word' id='word_1_498' title='bbox 565 2590 621 2628; x_wconf 78' lang='grc' dir='ltr'>τὸν</span> <span class='ocrx_word' id='word_1_499' title='bbox 643 2591 814 2629; x_wconf 83' lang='grc' dir='ltr'>ἰδιωτικὸν</span> <span class='ocrx_word' id='word_1_500' title='bbox 833 2591 892 2629; x_wconf 80' lang='grc' dir='ltr'>καὶ</span> <span class='ocrx_word' id='word_1_501' title='bbox 912 2592 1026 2643; x_wconf 83' lang='grc' dir='ltr'>ἀπρά-</span> 
     </span>
     <span class='ocr_line' id='line_1_63' title="bbox 11 2651 1029 2703; baseline 0.004 -16"><span class='ocrx_word' id='word_1_502' title='bbox 11 2664 123 2700; x_wconf 89' lang='grc' dir='ltr'>γμονα</span> <span class='ocrx_word' id='word_1_503' title='bbox 151 2651 406 2703; x_wconf 78' lang='grc' dir='ltr'>ἐπανῃρημένοι</span> <span class='ocrx_word' id='word_1_504' title='bbox 437 2652 531 2702; x_wconf 84' lang='grc' dir='ltr'>βίον,</span> <span class='ocrx_word' id='word_1_505' title='bbox 562 2653 600 2690; x_wconf 80' lang='grc' dir='ltr'>οὐ</span> <span class='ocrx_word' id='word_1_506' title='bbox 633 2652 734 2703; x_wconf 85' lang='grc' dir='ltr'>μόνον</span> <span class='ocrx_word' id='word_1_507' title='bbox 756 2652 790 2690; x_wconf 81' lang='grc' dir='ltr'>δὲ</span> <span class='ocrx_word' id='word_1_508' title='bbox 822 2652 883 2696; x_wconf 76' lang='grc' dir='ltr'>τὰς</span> <span class='ocrx_word' id='word_1_509' title='bbox 904 2652 1029 2696; x_wconf 85' lang='grc' dir='ltr'>νύκτας</span> 
     </span>
     <span class='ocr_line' id='line_1_64' title="bbox 14 2708 1032 2766; baseline 0.005 -19"><span class='ocrx_word' id='word_1_510' title='bbox 14 2708 234 2754; x_wconf 80' lang='grc' dir='ltr'>καθεύδοντες</span> <span class='ocrx_word' id='word_1_511' title='bbox 262 2711 420 2758; x_wconf 84' lang='grc' dir='ltr'>ἁπάσας,</span> <span class='ocrx_word' id='word_1_512' title='bbox 441 2713 517 2751; x_wconf 84' lang='grc' dir='ltr'>ἀλλ’</span> <span class='ocrx_word' id='word_1_513' title='bbox 550 2713 626 2752; x_wconf 84' lang='grc' dir='ltr'>οὐδὲ</span> <span class='ocrx_word' id='word_1_514' title='bbox 657 2715 691 2752; x_wconf 85' lang='grc' dir='ltr'>ἐν</span> <span class='ocrx_word' id='word_1_515' title='bbox 722 2717 764 2766; x_wconf 79' lang='grc' dir='ltr'>τῇ</span> <span class='ocrx_word' id='word_1_516' title='bbox 797 2713 914 2766; x_wconf 70' lang='grc' dir='ltr'>ἡμέρα</span> <span class='ocrx_word' id='word_1_517' title='bbox 942 2714 1032 2765; x_wconf 83' lang='grc' dir='ltr'>μετὰ</span> 
     </span>
     <span class='ocr_line' id='line_1_65' title="bbox 12 2771 1032 2826; baseline 0.005 -18"><span class='ocrx_word' id='word_1_518' title='bbox 12 2772 74 2816; x_wconf 78' lang='grc' dir='ltr'>τῆς</span> <span class='ocrx_word' id='word_1_519' title='bbox 89 2771 330 2823; x_wconf 75' lang='grc' dir='ltr'>προσηκούσης</span> <span class='ocrx_word' id='word_1_520' title='bbox 355 2773 543 2824; x_wconf 83' lang='grc' dir='ltr'>ἀγρυπνίας</span> <span class='ocrx_word' id='word_1_521' title='bbox 566 2774 627 2818; x_wconf 84' lang='grc' dir='ltr'>τὰς</span> <span class='ocrx_word' id='word_1_522' title='bbox 652 2776 900 2826; x_wconf 85' lang='grc' dir='ltr'>νενομισμένας</span> <span class='ocrx_word' id='word_1_523' title='bbox 919 2777 1032 2814; x_wconf 82' lang='grc' dir='ltr'>ἐπιτε-</span> 
     </span>
     <span class='ocr_line' id='line_1_66' title="bbox 10 2832 1031 2890; baseline 0.007 -21"><span class='ocrx_word' id='word_1_524' title='bbox 10 2832 147 2876; x_wconf 82' lang='grc' dir='ltr'>λοῦντες</span> <span class='ocrx_word' id='word_1_525' title='bbox 168 2832 289 2885; x_wconf 53' lang='grc' dir='ltr'>εὐχάς</span> <span class='ocrx_word' id='word_1_526' title='bbox 310 2834 410 2886; x_wconf 81' lang='grc' dir='ltr'>Μέγα</span> <span class='ocrx_word' id='word_1_527' title='bbox 426 2836 530 2874; x_wconf 79' lang='grc' dir='ltr'>ὅπλον</span> <span class='ocrx_word' id='word_1_528' title='bbox 551 2837 752 2890; x_wconf 83' lang='grc' dir='ltr'>προσευχὴ,</span> <span class='ocrx_word' id='word_1_529' title='bbox 774 2837 880 2889; x_wconf 81' lang='grc' dir='ltr'>μέγας</span> <span class='ocrx_word' id='word_1_530' title='bbox 902 2837 1031 2888; x_wconf 88' lang='grc' dir='ltr'>κόσμος</span> 
     </span>
     <span class='ocr_line' id='line_1_67' title="bbox 10 2893 1030 2950; baseline 0.007 -20"><span class='ocrx_word' id='word_1_531' title='bbox 10 2893 116 2946; x_wconf 79' lang='grc' dir='ltr'>εὐχὴ,</span> <span class='ocrx_word' id='word_1_532' title='bbox 145 2893 200 2932; x_wconf 80' lang='grc' dir='ltr'>καὶ</span> <span class='ocrx_word' id='word_1_533' title='bbox 231 2895 402 2947; x_wconf 76' lang='grc' dir='ltr'>ἀσφάλεια</span> <span class='ocrx_word' id='word_1_534' title='bbox 431 2896 488 2935; x_wconf 80' lang='grc' dir='ltr'>καὶ</span> <span class='ocrx_word' id='word_1_535' title='bbox 507 2897 615 2949; x_wconf 81' lang='grc' dir='ltr'>λιμὴν</span> <span class='ocrx_word' id='word_1_536' title='bbox 631 2929 640 2946; x_wconf 87' lang='grc'>,</span> <span class='ocrx_word' id='word_1_537' title='bbox 662 2899 720 2936; x_wconf 86' lang='grc' dir='ltr'>καὶ</span> <span class='ocrx_word' id='word_1_538' title='bbox 751 2900 921 2950; x_wconf 83' lang='grc' dir='ltr'>θησαυρὸς</span> <span class='ocrx_word' id='word_1_539' title='bbox 941 2901 1030 2950; x_wconf 79' lang='grc' dir='ltr'>ἀγα·</span> 
     </span>
     <span class='ocr_line' id='line_1_68' title="bbox 9 2954 1031 3011; baseline 0.005 -19"><span class='ocrx_word' id='word_1_540' title='bbox 9 2955 86 3001; x_wconf 79' lang='grc' dir='ltr'>θῶν,</span> <span class='ocrx_word' id='word_1_541' title='bbox 106 2955 163 2994; x_wconf 79' lang='grc' dir='ltr'>καὶ</span> <span class='ocrx_word' id='word_1_542' title='bbox 184 2954 307 2999; x_wconf 80' lang='grc' dir='ltr'>ἄσυλος</span> <span class='ocrx_word' id='word_1_543' title='bbox 327 2957 485 3000; x_wconf 83' lang='grc' dir='ltr'>πλοῦτος.</span> <span class='ocrx_word' id='word_1_544' title='bbox 519 2957 722 3011; x_wconf 76' lang='grc' dir='ltr'>Ἀνθρώπων</span> <span class='ocrx_word' id='word_1_545' title='bbox 744 2958 806 3010; x_wconf 82' lang='grc' dir='ltr'>μὲν</span> <span class='ocrx_word' id='word_1_546' title='bbox 832 2955 888 2998; x_wconf 74' lang='grc' dir='ltr'>οῦν</span> <span class='ocrx_word' id='word_1_547' title='bbox 912 2960 1031 3010; x_wconf 81' lang='grc' dir='ltr'>δεόμε-</span> 
     </span>
     <span class='ocr_line' id='line_1_69' title="bbox 9 3015 1031 3071; baseline 0.005 -18"><span class='ocrx_word' id='word_1_548' title='bbox 9 3029 80 3060; x_wconf 83' lang='grc' dir='ltr'>νοι,</span> <span class='ocrx_word' id='word_1_549' title='bbox 98 3015 156 3054; x_wconf 78' lang='grc' dir='ltr'>καὶ</span> <span class='ocrx_word' id='word_1_550' title='bbox 174 3016 328 3063; x_wconf 82' lang='grc' dir='ltr'>δαπάνης</span> <span class='ocrx_word' id='word_1_551' title='bbox 346 3018 538 3070; x_wconf 79' lang='grc' dir='ltr'>χρημάτων</span> <span class='ocrx_word' id='word_1_552' title='bbox 559 3020 705 3071; x_wconf 83' lang='grc' dir='ltr'>δεόμεθα</span> <span class='ocrx_word' id='word_1_553' title='bbox 719 3051 728 3067; x_wconf 91' lang='grc'>,</span> <span class='ocrx_word' id='word_1_554' title='bbox 756 3021 814 3058; x_wconf 74' lang='grc' dir='ltr'>καὶ</span> <span class='ocrx_word' id='word_1_555' title='bbox 845 3021 1031 3064; x_wconf 80' lang='grc' dir='ltr'>κολακείας</span> 
     </span>
     <span class='ocr_line' id='line_1_70' title="bbox 8 3076 1029 3134; baseline 0.008 -22"><span class='ocrx_word' id='word_1_556' title='bbox 8 3076 270 3128; x_wconf 84' lang='grc' dir='ltr'>δουλοπριποῦς,</span> <span class='ocrx_word' id='word_1_557' title='bbox 290 3078 347 3116; x_wconf 79' lang='grc' dir='ltr'>καὶ</span> <span class='ocrx_word' id='word_1_558' title='bbox 368 3081 498 3127; x_wconf 73' lang='grc' dir='ltr'>πολλῆς</span> <span class='ocrx_word' id='word_1_559' title='bbox 515 3080 674 3132; x_wconf 80' lang='grc' dir='ltr'>περιόδου</span> <span class='ocrx_word' id='word_1_560' title='bbox 693 3082 751 3119; x_wconf 71' lang='grc' dir='ltr'>καὶ</span> <span class='ocrx_word' id='word_1_561' title='bbox 774 3083 1029 3134; x_wconf 84' lang='grc' dir='ltr'>πραγματείας.</span> 
     </span>
    </p>
   </div>
   <div class='ocr_carea' id='block_1_14' title="bbox 1094 1858 2255 1923">
    <p class='ocr_par' dir='ltr' id='par_1_14' title="bbox 1094 1858 2255 1923">
     <span class='ocr_line' id='line_1_71' title="bbox 1094 1858 2255 1923; baseline 0.009 -27"><span class='ocrx_word' id='word_1_562' title='bbox 1094 1859 1169 1910; x_wconf 88' lang='lat' dir='ltr'>ipse</span> <span class='ocrx_word' id='word_1_563' title='bbox 1190 1858 1363 1910; x_wconf 84' lang='lat' dir='ltr'>propheta</span> <span class='ocrx_word' id='word_1_564' title='bbox 1381 1876 1388 1896; x_wconf 93' lang='lat'>:</span> <span class='ocrx_word' id='word_1_565' title='bbox 1408 1860 1543 1898; x_wconf 79' lang='lat' dir='ltr'>Media</span> <span class='ocrx_word' id='word_1_566' title='bbox 1562 1871 1672 1900; x_wconf 80' lang='lat' dir='ltr'>nocte</span> <span class='ocrx_word' id='word_1_567' title='bbox 1686 1866 1887 1914; x_wconf 73' lang='lat' dir='ltr'>surgebam</span> <span class='ocrx_word' id='word_1_568' title='bbox 1901 1866 1953 1903; x_wconf 84' lang='lat' dir='ltr'>ad</span> <span class='ocrx_word' id='word_1_569' title='bbox 1968 1880 2055 1903; x_wconf 86' lang='lat' dir='ltr'>con·</span> <span class='ocrx_word' id='word_1_570' title='bbox 2071 1877 2158 1923; x_wconf 59' lang='lat' dir='ltr'>ljsal.</span> <span class='ocrx_word' id='word_1_571' title='bbox 2189 1878 2255 1909; x_wconf 71' lang='lat' dir='ltr'>MS.</span> 
     </span>
    </p>
   </div>
   <div class='ocr_carea' id='block_1_15' title="bbox 1085 1920 2178 3132">
    <p class='ocr_par' dir='ltr' id='par_1_15' title="bbox 1085 1920 2178 3132">
     <span class='ocr_line' id='line_1_72' title="bbox 1085 1920 2121 1975; baseline 0.01 -19"><span class='ocrx_word' id='word_1_572' title='bbox 1085 1920 1280 1971; x_wconf 81' lang='lat' dir='ltr'>fitendum</span> <span class='ocrx_word' id='word_1_573' title='bbox 1298 1922 1367 1958; x_wconf 78' lang='lat' dir='ltr'>tibi</span> <span class='ocrx_word' id='word_1_574' title='bbox 1385 1935 1498 1972; x_wconf 83' lang='lat' dir='ltr'>super</span> <span class='ocrx_word' id='word_1_575' title='bbox 1506 1924 1660 1974; x_wconf 81' lang='lat' dir='ltr'>judicia</span> <span class='ocrx_word' id='word_1_576' title='bbox 1679 1925 1842 1975; x_wconf 80' lang='lat' dir='ltr'>justitiae</span> <span class='ocrx_word' id='word_1_577' title='bbox 1859 1935 1946 1964; x_wconf 68' lang='grc' dir='ltr'>τιμε.</span> <span class='ocrx_word' id='word_1_578' title='bbox 1976 1929 2055 1965; x_wconf 79' lang='lat' dir='ltr'>Rex</span> <span class='ocrx_word' id='word_1_579' title='bbox 2069 1922 2121 1947; x_wconf 62' lang='lat'>0²·</span> 
     </span>
     <span class='ocr_line' id='line_1_73' title="bbox 1093 1980 2053 2038; baseline 0.01 -21"><span class='ocrx_word' id='word_1_580' title='bbox 1093 1989 1143 2018; x_wconf 87' lang='lat' dir='ltr'>tot</span> <span class='ocrx_word' id='word_1_581' title='bbox 1159 1980 1320 2018; x_wconf 82' lang='lat' dir='ltr'>detentus</span> <span class='ocrx_word' id='word_1_582' title='bbox 1337 1982 1446 2028; x_wconf 77' lang='lat' dir='ltr'>curis,</span> <span class='ocrx_word' id='word_1_583' title='bbox 1466 1983 1699 2034; x_wconf 87' lang='lat' dir='ltr'>populorum,</span> <span class='ocrx_word' id='word_1_584' title='bbox 1716 1986 1878 2032; x_wconf 76' lang='lat' dir='ltr'>urbium,</span> <span class='ocrx_word' id='word_1_585' title='bbox 1894 1988 2053 2038; x_wconf 75' lang='lat' dir='ltr'>gentium</span> 
     </span>
     <span class='ocr_line' id='line_1_74' title="bbox 1093 2041 2051 2100; baseline 0.009 -22"><span class='ocrx_word' id='word_1_586' title='bbox 1093 2041 1244 2093; x_wconf 87' lang='lat' dir='ltr'>imperio</span> <span class='ocrx_word' id='word_1_587' title='bbox 1259 2041 1403 2093; x_wconf 77' lang='lat' dir='ltr'>potitu5‚</span> <span class='ocrx_word' id='word_1_588' title='bbox 1419 2057 1542 2094; x_wconf 83' lang='lat' dir='ltr'>pacem</span> <span class='ocrx_word' id='word_1_589' title='bbox 1558 2057 1697 2092; x_wconf 85' lang='lat' dir='ltr'>curans,</span> <span class='ocrx_word' id='word_1_590' title='bbox 1713 2046 1817 2084; x_wconf 88' lang='lat' dir='ltr'>bellis</span> <span class='ocrx_word' id='word_1_591' title='bbox 1830 2049 2051 2100; x_wconf 59' lang='lat' dir='ltr'>pessumum,</span> 
     </span>
     <span class='ocr_line' id='line_1_75' title="bbox 1093 2103 2054 2154; baseline 0.009 -15"><span class='ocrx_word' id='word_1_592' title='bbox 1093 2103 1315 2154; x_wconf 79' lang='lat' dir='ltr'>negotiorum</span> <span class='ocrx_word' id='word_1_593' title='bbox 1353 2103 1561 2142; x_wconf 78' lang='lat' dir='ltr'>immensam</span> <span class='ocrx_word' id='word_1_594' title='bbox 1592 2106 1721 2144; x_wconf 84' lang='lat' dir='ltr'>molem</span> <span class='ocrx_word' id='word_1_595' title='bbox 1754 2108 1823 2146; x_wconf 89' lang='lat' dir='ltr'>sibi</span> <span class='ocrx_word' id='word_1_596' title='bbox 1858 2108 2054 2149; x_wconf 78' lang='lat' dir='ltr'>adstantem</span> 
     </span>
     <span class='ocr_line' id='line_1_76' title="bbox 1094 2163 2054 2224; baseline 0.009 -24"><span class='ocrx_word' id='word_1_597' title='bbox 1094 2178 1230 2216; x_wconf 86' lang='lat' dir='ltr'>semper</span> <span class='ocrx_word' id='word_1_598' title='bbox 1247 2163 1370 2202; x_wconf 86' lang='lat' dir='ltr'>videns</span> <span class='ocrx_word' id='word_1_599' title='bbox 1385 2194 1394 2212; x_wconf 96' lang='lat'>,</span> <span class='ocrx_word' id='word_1_600' title='bbox 1430 2166 1492 2215; x_wconf 88' lang='lat' dir='ltr'>qui</span> <span class='ocrx_word' id='word_1_601' title='bbox 1514 2180 1555 2204; x_wconf 91' lang='lat' dir='ltr'>ne</span> <span class='ocrx_word' id='word_1_602' title='bbox 1573 2167 1754 2205; x_wconf 80' lang='lat' dir='ltr'>tantillum</span> <span class='ocrx_word' id='word_1_603' title='bbox 1774 2169 1920 2219; x_wconf 84' lang='lat' dir='ltr'>quidem</span> <span class='ocrx_word' id='word_1_604' title='bbox 1942 2173 2054 2224; x_wconf 84' lang='lat' dir='ltr'>respi-</span> 
     </span>
     <span class='ocr_line' id='line_1_77' title="bbox 1093 2227 2056 2277; baseline 0.008 -14"><span class='ocrx_word' id='word_1_605' title='bbox 1093 2240 1171 2263; x_wconf 86' lang='lat' dir='ltr'>rare</span> <span class='ocrx_word' id='word_1_606' title='bbox 1190 2234 1328 2277; x_wconf 82' lang='lat' dir='ltr'>poterat</span> <span class='ocrx_word' id='word_1_607' title='bbox 1343 2256 1352 2273; x_wconf 91' lang='lat'>‚</span> <span class='ocrx_word' id='word_1_608' title='bbox 1385 2239 1453 2264; x_wconf 91' lang='lat' dir='ltr'>non</span> <span class='ocrx_word' id='word_1_609' title='bbox 1474 2227 1580 2264; x_wconf 86' lang='lat' dir='ltr'>modo</span> <span class='ocrx_word' id='word_1_610' title='bbox 1598 2227 1675 2266; x_wconf 83' lang='lat' dir='ltr'>dies</span> <span class='ocrx_word' id='word_1_611' title='bbox 1691 2259 1700 2274; x_wconf 89' lang='lat'>‚</span> <span class='ocrx_word' id='word_1_612' title='bbox 1730 2229 1791 2267; x_wconf 87' lang='lat' dir='ltr'>sed</span> <span class='ocrx_word' id='word_1_613' title='bbox 1811 2231 1918 2269; x_wconf 78' lang='lat' dir='ltr'>etiam</span> <span class='ocrx_word' id='word_1_614' title='bbox 1938 2242 2056 2270; x_wconf 81' lang='lat' dir='ltr'>noctes</span> 
     </span>
     <span class='ocr_line' id='line_1_78' title="bbox 1095 2287 2056 2344; baseline 0.01 -21"><span class='ocrx_word' id='word_1_615' title='bbox 1095 2287 1314 2325; x_wconf 77' lang='lat' dir='ltr'>orationibus</span> <span class='ocrx_word' id='word_1_616' title='bbox 1335 2288 1547 2326; x_wconf 78' lang='lat' dir='ltr'>insumebat.</span> <span class='ocrx_word' id='word_1_617' title='bbox 1570 2289 1677 2338; x_wconf 84' lang='lat' dir='ltr'>Quod</span> <span class='ocrx_word' id='word_1_618' title='bbox 1692 2291 1721 2328; x_wconf 94' lang='lat' dir='ltr'>si</span> <span class='ocrx_word' id='word_1_619' title='bbox 1741 2306 1803 2330; x_wconf 75' lang='lat' dir='ltr'>rex</span> <span class='ocrx_word' id='word_1_620' title='bbox 1816 2294 1878 2344; x_wconf 88' lang='lat' dir='ltr'>qui</span> <span class='ocrx_word' id='word_1_621' title='bbox 1900 2294 1936 2332; x_wconf 90' lang='lat' dir='ltr'>iu</span> <span class='ocrx_word' id='word_1_622' title='bbox 1952 2295 2056 2333; x_wconf 74' lang='lat' dir='ltr'>tantis</span> 
     </span>
     <span class='ocr_line' id='line_1_79' title="bbox 1095 2347 2056 2407; baseline 0.01 -23"><span class='ocrx_word' id='word_1_623' title='bbox 1095 2347 1235 2386; x_wconf 88' lang='lat' dir='ltr'>deliciis</span> <span class='ocrx_word' id='word_1_624' title='bbox 1253 2349 1422 2397; x_wconf 74' lang='lat' dir='ltr'>vivebat,</span> <span class='ocrx_word' id='word_1_625' title='bbox 1459 2359 1508 2388; x_wconf 82' lang='lat' dir='ltr'>tot</span> <span class='ocrx_word' id='word_1_626' title='bbox 1527 2351 1674 2390; x_wconf 77' lang='lat' dir='ltr'>affectus</span> <span class='ocrx_word' id='word_1_627' title='bbox 1694 2353 1790 2391; x_wconf 82' lang='lat' dir='ltr'>euris</span> <span class='ocrx_word' id='word_1_628' title='bbox 1804 2384 1813 2401; x_wconf 93' lang='lat'>‚</span> <span class='ocrx_word' id='word_1_629' title='bbox 1836 2364 1883 2392; x_wconf 78' lang='lat' dir='ltr'>tot</span> <span class='ocrx_word' id='word_1_630' title='bbox 1904 2357 2056 2407; x_wconf 75' lang='lat' dir='ltr'>negotiis</span> 
     </span>
     <span class='ocr_line' id='line_1_80' title="bbox 1095 2409 2054 2465; baseline 0.008 -18"><span class='ocrx_word' id='word_1_631' title='bbox 1095 2409 1425 2457; x_wconf 83' lang='lat' dir='ltr'>circumstantibus,</span> <span class='ocrx_word' id='word_1_632' title='bbox 1458 2424 1500 2448; x_wconf 88' lang='lat' dir='ltr'>nc</span> <span class='ocrx_word' id='word_1_633' title='bbox 1520 2422 1624 2450; x_wconf 81' lang='lat' dir='ltr'>noctu</span> <span class='ocrx_word' id='word_1_634' title='bbox 1651 2413 1796 2464; x_wconf 88' lang='lat' dir='ltr'>quidem</span> <span class='ocrx_word' id='word_1_635' title='bbox 1825 2415 2054 2465; x_wconf 76' lang='lat' dir='ltr'>quiescebat.</span> 
     </span>
     <span class='ocr_line' id='line_1_81' title="bbox 1096 2468 2057 2524; baseline 0.007 -16"><span class='ocrx_word' id='word_1_636' title='bbox 1096 2468 1157 2508; x_wconf 87' lang='lat' dir='ltr'>sed</span> <span class='ocrx_word' id='word_1_637' title='bbox 1183 2469 1390 2521; x_wconf 77' lang='lat' dir='ltr'>diligentius</span> <span class='ocrx_word' id='word_1_638' title='bbox 1416 2485 1523 2521; x_wconf 81' lang='lat' dir='ltr'>quam</span> <span class='ocrx_word' id='word_1_639' title='bbox 1545 2473 1613 2524; x_wconf 87' lang='lat' dir='ltr'>ipsi</span> <span class='ocrx_word' id='word_1_640' title='bbox 1636 2476 1801 2513; x_wconf 76' lang='lat' dir='ltr'>monaehi</span> <span class='ocrx_word' id='word_1_641' title='bbox 1822 2478 1855 2513; x_wconf 87' lang='lat' dir='ltr'>in</span> <span class='ocrx_word' id='word_1_642' title='bbox 1877 2478 2057 2515; x_wconf 79' lang='lat' dir='ltr'>montibus</span> 
     </span>
     <span class='ocr_line' id='line_1_82' title="bbox 1096 2531 2054 2588; baseline 0.007 -19"><span class='ocrx_word' id='word_1_643' title='bbox 1096 2531 1264 2583; x_wconf 74' lang='lat' dir='ltr'>degentes</span> <span class='ocrx_word' id='word_1_644' title='bbox 1278 2546 1396 2583; x_wconf 82' lang='lat' dir='ltr'>preces</span> <span class='ocrx_word' id='word_1_645' title='bbox 1408 2532 1549 2571; x_wconf 77' lang='lat' dir='ltr'>assidue</span> <span class='ocrx_word' id='word_1_646' title='bbox 1562 2534 1730 2573; x_wconf 78' lang='lat' dir='ltr'>fundebat</span> <span class='ocrx_word' id='word_1_647' title='bbox 1752 2553 1758 2572; x_wconf 90' lang='lat'>:</span> <span class='ocrx_word' id='word_1_648' title='bbox 1782 2551 1904 2586; x_wconf 75' lang='lat' dir='ltr'>quam,</span> <span class='ocrx_word' id='word_1_649' title='bbox 1920 2553 2054 2588; x_wconf 68' lang='lat' dir='ltr'>quaeso.</span> 
     </span>
     <span class='ocr_line' id='line_1_83' title="bbox 1098 2592 2056 2646; baseline 0.009 -18"><span class='ocrx_word' id='word_1_650' title='bbox 1098 2592 1236 2630; x_wconf 74' lang='lat' dir='ltr'>veniam</span> <span class='ocrx_word' id='word_1_651' title='bbox 1253 2606 1315 2630; x_wconf 87' lang='lat' dir='ltr'>nos</span> <span class='ocrx_word' id='word_1_652' title='bbox 1333 2607 1605 2644; x_wconf 74' lang='lat' dir='ltr'>consequemur,</span> <span class='ocrx_word' id='word_1_653' title='bbox 1623 2597 1683 2646; x_wconf 84' lang='lat' dir='ltr'>qui</span> <span class='ocrx_word' id='word_1_654' title='bbox 1708 2596 1743 2633; x_wconf 91' lang='lat' dir='ltr'>iu</span> <span class='ocrx_word' id='word_1_655' title='bbox 1766 2598 1876 2636; x_wconf 81' lang='lat' dir='ltr'>multa</span> <span class='ocrx_word' id='word_1_656' title='bbox 1896 2600 2056 2638; x_wconf 76' lang='lat' dir='ltr'>libertate</span> 
     </span>
     <span class='ocr_line' id='line_1_84' title="bbox 1098 2653 2055 2707; baseline 0.007 -16"><span class='ocrx_word' id='word_1_657' title='bbox 1098 2653 1256 2691; x_wconf 83' lang='lat' dir='ltr'>vivimus</span> <span class='ocrx_word' id='word_1_658' title='bbox 1270 2683 1278 2698; x_wconf 93' lang='lat'>‚</span> <span class='ocrx_word' id='word_1_659' title='bbox 1300 2668 1339 2691; x_wconf 83' lang='lat' dir='ltr'>ac</span> <span class='ocrx_word' id='word_1_660' title='bbox 1356 2654 1531 2705; x_wconf 70' lang='lat' dir='ltr'>privatam</span> <span class='ocrx_word' id='word_1_661' title='bbox 1553 2656 1771 2707; x_wconf 69' lang='lat' dir='ltr'>negotiisque</span> <span class='ocrx_word' id='word_1_662' title='bbox 1787 2672 1933 2697; x_wconf 67' lang='lat' dir='ltr'>menam</span> <span class='ocrx_word' id='word_1_663' title='bbox 1946 2661 2055 2698; x_wconf 74' lang='lat' dir='ltr'>vitum</span> 
     </span>
     <span class='ocr_line' id='line_1_85' title="bbox 1099 2714 2054 2764; baseline 0.007 -13"><span class='ocrx_word' id='word_1_664' title='bbox 1099 2714 1292 2764; x_wconf 76' lang='lat' dir='ltr'>elegimus,</span> <span class='ocrx_word' id='word_1_665' title='bbox 1325 2715 1457 2764; x_wconf 84' lang='lat' dir='ltr'>quique</span> <span class='ocrx_word' id='word_1_666' title='bbox 1485 2729 1551 2752; x_wconf 90' lang='lat' dir='ltr'>non</span> <span class='ocrx_word' id='word_1_667' title='bbox 1582 2716 1687 2754; x_wconf 72' lang='lat' dir='ltr'>modu</span> <span class='ocrx_word' id='word_1_668' title='bbox 1718 2727 1786 2755; x_wconf 74' lang='lat' dir='ltr'>tuta</span> <span class='ocrx_word' id='word_1_669' title='bbox 1811 2730 1910 2756; x_wconf 72' lang='lat' dir='ltr'>nuen-</span> <span class='ocrx_word' id='word_1_670' title='bbox 1931 2735 2054 2758; x_wconf 80' lang='lat' dir='ltr'>sumno</span> 
     </span>
     <span class='ocr_line' id='line_1_86' title="bbox 1099 2774 2055 2827; baseline 0.008 -16"><span class='ocrx_word' id='word_1_671' title='bbox 1099 2775 1287 2812; x_wconf 78' lang='lat' dir='ltr'>obruimur</span> <span class='ocrx_word' id='word_1_672' title='bbox 1302 2805 1311 2819; x_wconf 89' lang='lat'>‚</span> <span class='ocrx_word' id='word_1_673' title='bbox 1331 2774 1391 2812; x_wconf 84' lang='lat' dir='ltr'>sed</span> <span class='ocrx_word' id='word_1_674' title='bbox 1415 2789 1458 2812; x_wconf 87' lang='lat' dir='ltr'>ne</span> <span class='ocrx_word' id='word_1_675' title='bbox 1474 2776 1507 2813; x_wconf 90' lang='lat' dir='ltr'>iu</span> <span class='ocrx_word' id='word_1_676' title='bbox 1527 2775 1586 2813; x_wconf 84' lang='lat' dir='ltr'>die</span> <span class='ocrx_word' id='word_1_677' title='bbox 1604 2776 1748 2827; x_wconf 78' lang='lat' dir='ltr'>quidem</span> <span class='ocrx_word' id='word_1_678' title='bbox 1766 2792 1846 2816; x_wconf 75' lang='lat' dir='ltr'>euni</span> <span class='ocrx_word' id='word_1_679' title='bbox 1866 2779 1983 2818; x_wconf 74' lang='lat' dir='ltr'>debita</span> <span class='ocrx_word' id='word_1_680' title='bbox 2001 2782 2055 2818; x_wconf 68' lang='lat' dir='ltr'>xi-</span> 
     </span>
     <span class='ocr_line' id='line_1_87' title="bbox 1099 2835 2052 2890; baseline 0.009 -19"><span class='ocrx_word' id='word_1_681' title='bbox 1099 2835 1244 2886; x_wconf 78' lang='lat' dir='ltr'>gilautia</span> <span class='ocrx_word' id='word_1_682' title='bbox 1264 2845 1446 2874; x_wconf 70' lang='lat' dir='ltr'>consuetas</span> <span class='ocrx_word' id='word_1_683' title='bbox 1480 2837 1653 2874; x_wconf 78' lang='lat' dir='ltr'>orationes</span> <span class='ocrx_word' id='word_1_684' title='bbox 1683 2840 1943 2890; x_wconf 60' lang='lat' dir='ltr'>pei-subimus?</span> <span class='ocrx_word' id='word_1_685' title='bbox 1970 2844 2052 2880; x_wconf 79' lang='lat' dir='ltr'>Ma-</span> 
     </span>
     <span class='ocr_line' id='line_1_88' title="bbox 1100 2897 2178 2953; baseline 0.006 -20"><span class='ocrx_word' id='word_1_686' title='bbox 1100 2910 1207 2947; x_wconf 74' lang='lat' dir='ltr'>gnum</span> <span class='ocrx_word' id='word_1_687' title='bbox 1227 2897 1335 2934; x_wconf 80' lang='lat' dir='ltr'>telum</span> <span class='ocrx_word' id='word_1_688' title='bbox 1361 2898 1472 2935; x_wconf 77' lang='lat' dir='ltr'>oratio</span> <span class='ocrx_word' id='word_1_689' title='bbox 1487 2928 1495 2943; x_wconf 92' lang='lat'>,</span> <span class='ocrx_word' id='word_1_690' title='bbox 1531 2913 1677 2949; x_wconf 68' lang='lat' dir='ltr'>maguus</span> <span class='ocrx_word' id='word_1_691' title='bbox 1710 2910 1853 2937; x_wconf 65' lang='lat' dir='ltr'>ornatus</span> <span class='ocrx_word' id='word_1_692' title='bbox 1873 2904 2026 2953; x_wconf 73' lang='lat' dir='ltr'>precatio</span> <span class='ocrx_word' id='word_1_693' title='bbox 2042 2934 2050 2950; x_wconf 82' lang='lat'>,</span> <span class='ocrx_word' id='word_1_694' title='bbox 2068 2905 2178 2933; x_wconf 59' lang='lat' dir='ltr'>hudo-</span> 
     </span>
     <span class='ocr_line' id='line_1_89' title="bbox 1099 2958 2054 3009; baseline 0.009 -15"><span class='ocrx_word' id='word_1_695' title='bbox 1099 2958 1221 3002; x_wconf 78' lang='lat' dir='ltr'>tutela,</span> <span class='ocrx_word' id='word_1_696' title='bbox 1247 2967 1383 3009; x_wconf 78' lang='lat' dir='ltr'>portus,</span> <span class='ocrx_word' id='word_1_697' title='bbox 1414 2959 1599 2997; x_wconf 67' lang='lat' dir='ltr'>thesaurus</span> <span class='ocrx_word' id='word_1_698' title='bbox 1629 2961 1816 3005; x_wconf 75' lang='lat' dir='ltr'>iuniorum,</span> <span class='ocrx_word' id='word_1_699' title='bbox 1847 2978 1886 2999; x_wconf 77' lang='lat' dir='ltr'>ae</span> <span class='ocrx_word' id='word_1_700' title='bbox 1917 2963 2054 3002; x_wconf 56' lang='lat' dir='ltr'>diviua·</span> 
     </span>
     <span class='ocr_line' id='line_1_90' title="bbox 1098 3019 2052 3077; baseline 0.009 -23"><span class='ocrx_word' id='word_1_701' title='bbox 1098 3033 1175 3069; x_wconf 66' lang='lat' dir='ltr'>qua·</span> <span class='ocrx_word' id='word_1_702' title='bbox 1207 3019 1323 3071; x_wconf 80' lang='lat' dir='ltr'>abripi</span> <span class='ocrx_word' id='word_1_703' title='bbox 1355 3030 1539 3070; x_wconf 57' lang='lat' dir='ltr'>nequeumt.</span> <span class='ocrx_word' id='word_1_704' title='bbox 1574 3021 1728 3068; x_wconf 70' lang='lat' dir='ltr'>Quando</span> <span class='ocrx_word' id='word_1_705' title='bbox 1761 3022 1900 3060; x_wconf 78' lang='grc' dir='ltr'>Ιιυιιιίιιι·</span> <span class='ocrx_word' id='word_1_706' title='bbox 1932 3040 2052 3077; x_wconf 63' lang='grc' dir='ltr'>[ινα-,ι-</span> 
     </span>
     <span class='ocr_line' id='line_1_91' title="bbox 1099 3081 2055 3132; baseline 0.007 -15"><span class='ocrx_word' id='word_1_707' title='bbox 1099 3093 1194 3126; x_wconf 80' lang='lat' dir='ltr'>mur,</span> <span class='ocrx_word' id='word_1_708' title='bbox 1218 3089 1335 3117; x_wconf 78' lang='lat' dir='ltr'>sumtu</span> <span class='ocrx_word' id='word_1_709' title='bbox 1359 3081 1588 3131; x_wconf 69' lang='lat' dir='ltr'>pecuniarum</span> <span class='ocrx_word' id='word_1_710' title='bbox 1610 3095 1699 3132; x_wconf 79' lang='lat' dir='ltr'>opus</span> <span class='ocrx_word' id='word_1_711' title='bbox 1731 3082 1916 3127; x_wconf 53' lang='lat' dir='ltr'>hala-nnus.</span> <span class='ocrx_word' id='word_1_712' title='bbox 1934 3086 2055 3124; x_wconf 67' lang='lat' dir='ltr'>¹ulula-</span> 
     </span>
    </p>
   </div>
   <div class='ocr_carea' id='block_1_16' title="bbox 10 3134 2054 3195">
    <p class='ocr_par' dir='ltr' id='par_1_16' title="bbox 10 3134 2054 3195">
     <span class='ocr_line' id='line_1_92' title="bbox 10 3134 2054 3195; baseline 0.007 -26"><span class='ocrx_word' id='word_1_713' title='bbox 10 3135 62 3171; x_wconf 81' lang='grc' dir='ltr'>Οὐ</span> <span class='ocrx_word' id='word_1_714' title='bbox 93 3134 158 3186; x_wconf 71' lang='grc' dir='ltr'>γὰρ</span> <span class='ocrx_word' id='word_1_715' title='bbox 191 3136 224 3180; x_wconf 66' lang='grc' dir='ltr'>ἐξ</span> <span class='ocrx_word' id='word_1_716' title='bbox 259 3138 388 3182; x_wconf 78' lang='grc' dir='ltr'>εὐθείας</span> <span class='ocrx_word' id='word_1_717' title='bbox 419 3141 532 3183; x_wconf 78' lang='grc' dir='ltr'>αὐτοῖς</span> <span class='ocrx_word' id='word_1_718' title='bbox 565 3147 636 3184; x_wconf 86' lang='grc' dir='ltr'>τοῖς</span> <span class='ocrx_word' id='word_1_719' title='bbox 667 3142 795 3194; x_wconf 84' lang='grc' dir='ltr'>κυρίοις</span> <span class='ocrx_word' id='word_1_720' title='bbox 827 3144 942 3180; x_wconf 79' lang='grc' dir='ltr'>δοῦναι</span> <span class='ocrx_word' id='word_1_721' title='bbox 968 3142 1031 3189; x_wconf 80' lang='grc' dir='ltr'>τὴν</span> <span class='ocrx_word' id='word_1_722' title='bbox 1051 3151 1077 3182; x_wconf 86' lang='lat' dir='ltr'>C</span> <span class='ocrx_word' id='word_1_723' title='bbox 1100 3140 1192 3177; x_wconf 79' lang='lat' dir='ltr'>tione</span> <span class='ocrx_word' id='word_1_724' title='bbox 1211 3140 1348 3182; x_wconf 52' lang='lat' dir='ltr'>seruili,</span> <span class='ocrx_word' id='word_1_725' title='bbox 1369 3141 1772 3179; x_wconf 62' lang='lat' dir='ltr'>inultiseiu-uitiouiluis</span> <span class='ocrx_word' id='word_1_726' title='bbox 1791 3153 1822 3180; x_wconf 71' lang='lat' dir='ltr'>vt</span> <span class='ocrx_word' id='word_1_727' title='bbox 1845 3146 2054 3195; x_wconf 69' lang='lat' dir='ltr'>negotiatio-</span> 
     </span>
    </p>
   </div>
   <div class='ocr_carea' id='block_1_17' title="bbox 10 3195 1030 3316">
    <p class='ocr_par' dir='ltr' id='par_1_17' title="bbox 10 3195 1030 3316">
     <span class='ocr_line' id='line_1_93' title="bbox 10 3195 1030 3256; baseline 0.01 -25"><span class='ocrx_word' id='word_1_728' title='bbox 10 3195 113 3247; x_wconf 72' lang='grc' dir='ltr'>χάριν</span> <span class='ocrx_word' id='word_1_729' title='bbox 146 3195 194 3233; x_wconf 58' lang='lat' dir='ltr'>lvi</span> <span class='ocrx_word' id='word_1_730' title='bbox 213 3196 434 3250; x_wconf 76' lang='grc' dir='ltr'>διαλιχθῆναι</span> <span class='ocrx_word' id='word_1_731' title='bbox 453 3202 631 3246; x_wconf 86' lang='grc' dir='ltr'>πολλάκις,</span> <span class='ocrx_word' id='word_1_732' title='bbox 652 3204 728 3241; x_wconf 82' lang='grc' dir='ltr'>ἀλλ’</span> <span class='ocrx_word' id='word_1_733' title='bbox 752 3203 886 3254; x_wconf 79' lang='grc' dir='ltr'>ἀνάγκη</span> <span class='ocrx_word' id='word_1_734' title='bbox 908 3204 1030 3256; x_wconf 82' lang='grc' dir='ltr'>πρότε-</span> 
     </span>
     <span class='ocr_line' id='line_1_94' title="bbox 11 3256 1024 3316; baseline 0.011 -24"><span class='ocrx_word' id='word_1_735' title='bbox 11 3271 66 3308; x_wconf 85' lang='grc' dir='ltr'>ρον</span> <span class='ocrx_word' id='word_1_736' title='bbox 87 3256 262 3300; x_wconf 80' lang='grc' dir='ltr'>διακόνους</span> <span class='ocrx_word' id='word_1_737' title='bbox 283 3257 340 3296; x_wconf 76' lang='grc' dir='ltr'>καὶ</span> <span class='ocrx_word' id='word_1_738' title='bbox 355 3260 552 3311; x_wconf 84' lang='grc' dir='ltr'>οἰκονόμους</span> <span class='ocrx_word' id='word_1_739' title='bbox 572 3265 697 3311; x_wconf 76' lang='grc' dir='ltr'>αὐτῶν,</span> <span class='ocrx_word' id='word_1_740' title='bbox 717 3263 775 3302; x_wconf 65' lang='grc' dir='ltr'>καὶ</span> <span class='ocrx_word' id='word_1_741' title='bbox 796 3265 1024 3316; x_wconf 80' lang='grc' dir='ltr'>ἐπιτρόπους,</span> 
     </span>
    </p>
   </div>
   <div class='ocr_carea' id='block_1_18' title="bbox 8 3379 1004 3475">
    <p class='ocr_par' dir='ltr' id='par_1_18' title="bbox 8 3379 1004 3475">
     <span class='ocr_line' id='line_1_95' title="bbox 50 3379 1004 3436; baseline 0.017 -26"><span class='ocrx_word' id='word_1_742' title='bbox 50 3389 62 3402; x_wconf 81' lang='grc'>··</span> <span class='ocrx_word' id='word_1_743' title='bbox 88 3379 159 3411; x_wconf 77' lang='lat' dir='ltr'>Duo</span> <span class='ocrx_word' id='word_1_744' title='bbox 188 3379 262 3411; x_wconf 64' lang='lat' dir='ltr'>Mssa.</span> <span class='ocrx_word' id='word_1_745' title='bbox 295 3386 382 3415; x_wconf 64' lang='grc' dir='ltr'>ὶθνὼν</span> <span class='ocrx_word' id='word_1_746' title='bbox 416 3387 572 3426; x_wconf 70' lang='grc' dir='ltr'>ἡγεμονίαν</span> <span class='ocrx_word' id='word_1_747' title='bbox 599 3391 865 3436; x_wconf 65' lang='grc' dir='ltr'>δγιιιχιιρισμίνοςι</span> <span class='ocrx_word' id='word_1_748' title='bbox 893 3397 925 3421; x_wconf 67' lang='grc' dir='ltr'>Μ</span> <span class='ocrx_word' id='word_1_749' title='bbox 959 3390 1004 3423; x_wconf 62' lang='lat' dir='ltr'>alt·</span> 
     </span>
     <span class='ocr_line' id='line_1_96' title="bbox 8 3429 581 3475; baseline 0.017 -15"><span class='ocrx_word' id='word_1_750' title='bbox 8 3429 107 3463; x_wconf 72' lang='lat' dir='ltr'>multu</span> <span class='ocrx_word' id='word_1_751' title='bbox 126 3443 311 3475; x_wconf 65' lang='lat' dir='ltr'>nyuouyniu</span> <span class='ocrx_word' id='word_1_752' title='bbox 328 3432 581 3470; x_wconf 64' lang='lat' dir='ltr'>substituuntur.</span> 
     </span>
    </p>
   </div>
   <div class='ocr_carea' id='block_1_19' title="bbox 1100 3199 2053 3251">
    <p class='ocr_par' dir='ltr' id='par_1_19' title="bbox 1100 3199 2053 3251">
     <span class='ocr_line' id='line_1_97' title="bbox 1100 3199 2053 3251; baseline 0.007 -15"><span class='ocrx_word' id='word_1_753' title='bbox 1100 3199 1217 3236; x_wconf 84' lang='lat' dir='ltr'>nibus.</span> <span class='ocrx_word' id='word_1_754' title='bbox 1237 3201 1337 3250; x_wconf 63' lang='lat' dir='ltr'>Sapo</span> <span class='ocrx_word' id='word_1_755' title='bbox 1352 3200 1446 3237; x_wconf 71' lang='lat' dir='ltr'>enini</span> <span class='ocrx_word' id='word_1_756' title='bbox 1464 3214 1529 3236; x_wconf 73' lang='lat' dir='ltr'>uon</span> <span class='ocrx_word' id='word_1_757' title='bbox 1547 3200 1639 3251; x_wconf 65' lang='lat' dir='ltr'>ipsus</span> <span class='ocrx_word' id='word_1_758' title='bbox 1660 3201 1821 3239; x_wconf 72' lang='lat' dir='ltr'>domiuus</span> <span class='ocrx_word' id='word_1_759' title='bbox 1836 3214 1925 3241; x_wconf 72' lang='lat' dir='ltr'>rect-i</span> <span class='ocrx_word' id='word_1_760' title='bbox 1940 3204 2053 3247; x_wconf 67' lang='lat' dir='ltr'>adire.</span> 
     </span>
    </p>
   </div>
   <div class='ocr_carea' id='block_1_20' title="bbox 1099 3266 2055 3316">
    <p class='ocr_par' dir='ltr' id='par_1_20' title="bbox 1099 3266 2055 3316">
     <span class='ocr_line' id='line_1_98' title="bbox 1099 3266 2055 3316; baseline -0.001 -14"><span class='ocrx_word' id='word_1_761' title='bbox 1099 3266 1144 3304; x_wconf 78' lang='lat' dir='ltr'>ab</span> <span class='ocrx_word' id='word_1_762' title='bbox 1166 3266 1277 3316; x_wconf 72' lang='lat' dir='ltr'>iisque</span> <span class='ocrx_word' id='word_1_763' title='bbox 1308 3266 1455 3314; x_wconf 62' lang='lat' dir='ltr'>gratiani</span> <span class='ocrx_word' id='word_1_764' title='bbox 1475 3275 1592 3316; x_wconf 70' lang='lat' dir='ltr'>petere</span> <span class='ocrx_word' id='word_1_765' title='bbox 1613 3266 1715 3308; x_wconf 67' lang='lat' dir='ltr'>licet:</span> <span class='ocrx_word' id='word_1_766' title='bbox 1746 3269 1805 3307; x_wconf 60' lang='lat' dir='ltr'>sul</span> <span class='ocrx_word' id='word_1_767' title='bbox 1841 3284 1978 3310; x_wconf 35' lang='lat' dir='ltr'>nvn-‚ew</span> <span class='ocrx_word' id='word_1_768' title='bbox 2004 3283 2055 3312; x_wconf 44' lang='grc' dir='ltr'>υς(</span> 
     </span>
    </p>
   </div>
   <div class='ocr_carea' id='block_1_21' title="bbox 1085 3388 2052 3433">
    <p class='ocr_par' dir='ltr' id='par_1_21' title="bbox 1085 3388 2052 3433">
     <span class='ocr_line' id='line_1_99' title="bbox 1085 3388 2052 3433; baseline 0.006 -13"><span class='ocrx_word' id='word_1_769' title='bbox 1085 3389 1102 3413; x_wconf 71' lang='lat'>¹*</span> <span class='ocrx_word' id='word_1_770' title='bbox 1125 3388 1217 3420; x_wconf 71' lang='lat' dir='ltr'>Unus</span> <span class='ocrx_word' id='word_1_771' title='bbox 1244 3394 1402 3432; x_wconf 38' lang='lat' dir='ltr'>staffort.</span> <span class='ocrx_word' id='word_1_772' title='bbox 1422 3404 1451 3421; x_wconf 66' lang='grc' dir='ltr'>ον</span> <span class='ocrx_word' id='word_1_773' title='bbox 1477 3394 1525 3425; x_wconf 58' lang='grc' dir='ltr'>τὰ,</span> <span class='ocrx_word' id='word_1_774' title='bbox 1549 3396 1695 3428; x_wconf 56' lang='lat' dir='ltr'>iar-2:115</span> <span class='ocrx_word' id='word_1_775' title='bbox 1720 3395 1837 3433; x_wconf 65' lang='grc' dir='ltr'>ποιεζιμ,</span> <span class='ocrx_word' id='word_1_776' title='bbox 1861 3394 1950 3426; x_wconf 74' lang='lat' dir='ltr'>Infra</span> <span class='ocrx_word' id='word_1_777' title='bbox 1970 3407 2052 3428; x_wconf 59' lang='lat' dir='ltr'>uuus</span> 
     </span>
    </p>
   </div>
   <div class='ocr_carea' id='block_1_22' title="bbox 1041 3445 1427 3483">
    <p class='ocr_par' dir='ltr' id='par_1_22' title="bbox 1041 3445 1427 3483">
     <span class='ocr_line' id='line_1_100' title="bbox 1041 3445 1427 3483; baseline -0.01 -12"><span class='ocrx_word' id='word_1_778' title='bbox 1041 3446 1163 3483; x_wconf 49' lang='lat' dir='ltr'>:&gt;,&#39;!&#39;&#39;.ci&#39;sst</span> <span class='ocrx_word' id='word_1_779' title='bbox 1173 3455 1200 3472; x_wconf 68' lang='grc' dir='ltr'>Ἰν</span> <span class='ocrx_word' id='word_1_780' title='bbox 1212 3457 1219 3469; x_wconf 78' lang='grc' dir='ltr'>ι’</span> <span class='ocrx_word' id='word_1_781' title='bbox 1248 3445 1372 3483; x_wconf 32' lang='grc' dir='ltr'>ἦνιγ,ι”ιιξ</span> <span class='ocrx_word' id='word_1_782' title='bbox 1397 3456 1427 3471; x_wconf 72' lang='lat'>)?-</span> 
     </span>
    </p>
   </div>
   <div class='ocr_carea' id='block_1_23' title="bbox 2108 2864 2257 2891">
    <p class='ocr_par' dir='ltr' id='par_1_23' title="bbox 2108 2864 2257 2891">
     <span class='ocr_line' id='line_1_101' title="bbox 2108 2864 2257 2891; baseline 0.007 -1"><span class='ocrx_word' id='word_1_783' title='bbox 2108 2864 2257 2891; x_wconf 67' lang='lat' dir='ltr'>onnon-1</span> 
     </span>
    </p>
   </div>
  </div>
 </body>
</html>
