2430 3721
23 618 139 690 glaub.

28 1604 180 1633 loun-15·

28 1645 80 1674 23.

27 1688 118 1717 Jomu.
134 1695 179 1717 ¹2.

28 1726 79 1767 42-

35 2221 145 2250 Mnulu.
167 2230 184 2250 2

37 2265 82 2293 16.

43 2900 154 2928 ΜηΙιΙι.
173 2908 222 2929 21.

36 2951 66 2978 9.

165 617 211 649 ¹8-

222 142 286 207 96
652 156 689 187 5.
725 154 914 186 somnis
948 151 1195 184 cnnvsosr.

224 242 292 281 boc
323 240 442 281 solum
471 239 707 290 admirabile,
725 238 823 292 quod
862 251 1003 287 vocem,
1030 249 1179 288 eamque

222 303 358 342 claram
375 311 410 342 et
426 316 633 356 expressam
650 300 831 340 emiserint
843 330 853 349 ,
868 298 930 338 sed
949 298 1057 337 etiam
1080 295 1177 350 quod

224 365 369 419 plenam
390 364 494 403 bonis
514 362 846 403 innumerabilibus.
869 362 958 409 Quae
977 359 1073 399 enim
1091 372 1177 413 apo-

226 426 309 465 stoli
337 425 496 464 nondum
529 433 718 472 noverant,
738 438 777 462 ea
797 423 898 476 pueri
921 420 1069 476 hymnis
1087 420 1178 459 cele-

225 487 389 526 brabant.
412 487 470 525 Ex
492 486 558 525 boc
578 486 683 524 etiam
704 484 842 537 aliquid
868 483 970 523 aliud
987 482 1179 535 significat,

227 563 352 602 nempe
373 557 534 601 oportere
551 561 631 595 eos,
645 546 706 598 qui
727 546 773 585 ad
793 545 961 598 dogmata
980 542 1177 592 accedunt,

225 610 344 648 animo
372 624 501 662 pucros
529 608 636 647 effici.
658 608 698 647 Si
727 607 808 660 quis
838 606 935 646 enim
965 619 1034 645 non
1061 618 1179 644 susee-

226 671 316 724 perit
335 685 486 723 regnum
505 670 673 710 caelorum
705 679 744 708 ut
769 669 931 723 puellus,
951 666 1087 719 inquit,
1109 679 1178 705 non

225 743 338 787 potest
355 734 390 772 in
404 734 522 786 ipsum
538 732 690 785 ingredi.
704 734 872 784 Propter·
885 733 1062 769 inimicos
1079 737 1176 766 tuos.

226 794 324 834 Dicit
356 795 464 833 etiam
499 808 643 833 causam
676 807 741 832 cur
770 793 838 832 hoc
874 790 1088 831 miraculum
1126 788 1179 826 fa-

226 866 324 895 ctum
342 856 399 894 sit.
424 855 502 894 Alia
524 855 619 894 enim
646 869 715 893 non
737 863 881 908 propter
905 852 1067 891 inimicos
1087 851 1178 889 sacta

225 926 325 964 sunt,
339 916 401 955 sed
417 926 455 955 ut
470 916 674 954 accedentes
687 916 901 954 beneficium
911 913 1130 966 acciperent,
1145 918 1180 949 et

225 977 286 1016 alii
302 978 538 1016 docerentur:
555 977 622 1014 lioc
637 986 756 1014 autem
771 989 839 1013 non
858 975 975 1012 solum
995 982 1179 1025 propterea

225 1039 360 1076 sactum
373 1047 436 1086 est,
451 1037 511 1076 sed
526 1046 563 1074 ut
576 1037 828 1074 obturarentur
846 1049 906 1073 ora
929 1033 1178 1071 inimicorum.

224 1113 314 1151 quos
332 1099 438 1136 ctiam
456 1098 549 1135 alius
567 1097 698 1135 clarius
714 1095 943 1147 significans,
960 1093 1068 1133 dicit:
1082 1094 1182 1132 Pro-

223 1170 311 1212 pter
329 1161 528 1213 illigantes
549 1169 596 1198 te.
620 1158 649 1196 li
669 1158 764 1197 enim
784 1172 868 1196 eum
897 1157 1091 1208 alligarunt
1111 1154 1180 1193 du-

226 1232 324 1261 ctum
340 1221 385 1261 ad
408 1235 562 1261 crucem.
582 1222 632 1261 Ul
652 1222 829 1260 destruas
848 1223 1048 1259 inimicum
1065 1227 1100 1257 et
1120 1217 1182 1256 ul-

228 1293 363 1323 torem.
378 1283 481 1322 Alius
496 1314 505 1331 ‚
531 1285 580 1322 Ut
598 1295 817 1334 compescas
830 1283 1046 1329 inimicum,
1061 1288 1096 1318 et
1114 1281 1183 1332 qui

228 1348 393 1398 seipsum
411 1346 620 1394 ulciscitur,
637 1343 811 1397 populum
834 1342 892 1381 hic
910 1341 1031 1380 dicens
1051 1340 1182 1381 Juda'i-

229 1421 324 1445 cum.
348 1406 532 1445 Christum
552 1406 646 1445 enim
672 1404 895 1457 expellebant
917 1413 955 1442 ut
975 1403 1182 1452 inimicum,

228 1483 302 1522 pra?
320 1483 357 1507 se
376 1469 532 1506 serebant
551 1477 670 1506 autem
697 1466 764 1504 lioc
782 1465 894 1504 [acere
913 1475 1096 1517 tamquam
1117 1465 1183 1503 Pa-

229 1538 321 1569 trem
336 1530 554 1568 ulciscentes.
571 1529 616 1567 Et
632 1528 710 1566 ideo
723 1528 814 1566 hanc
829 1527 899 1566 illis
921 1526 1185 1566 excusationem

230 1590 581 1640 auferens‚dicebat:
601 1593 676 1643 Qui
693 1603 751 1628 me
761 1590 858 1636 odic,
875 1589 956 1627 odit
974 1597 1009 1627 et
1023 1589 1185 1627 Patrem

231 1668 379 1701 meum5
398 1661 430 1690 et
450 1666 594 1690 rursus:
611 1654 688 1702 Qui
707 1652 826 1689 credit
845 1652 887 1687 in
913 1665 987 1698 me,
1003 1651 1123 1687 credit
1143 1651 1185 1687 in

229 1729 314 1754 eum
330 1717 397 1767 qui
410 1728 470 1752 me
483 1715 584 1751 misit
601 1729 610 1750 ε
630 1712 754 1751 honori
768 1726 832 1750 suo
845 1721 878 1750 et
894 1711 1033 1763 injuriae
1047 1724 1186 1764 semper

229 1778 370 1815 Patrem
390 1776 619 1827 conjungens.
631 1773 728 1814 Vide
745 1787 855 1825 quam
872 1781 1036 1811 accurate
1056 1771 1184 1823 loquu-
1206 1785 1230 1814 ι)

227 1847 285 1876 tus
301 1838 345 1876 sit
366 1837 549 1890 propheta.
573 1836 651 1873 Non
671 1834 786 1882 dixit,
806 1835 856 1872 Ut
876 1833 1025 1886 punias,
1048 1832 1110 1871 sed
1134 1834 1185 1872 Ut

228 1900 417 1937 destruas.-
431 1897 529 1949 quod
538 1895 631 1934 alius
644 1895 774 1934 clarius
785 1895 974 1947 significat,
983 1893 1119 1942 dicens,
1135 1895 1187 1933 Ut

228 1959 523 2013 cessar-esaeias
535 1988 545 2008 ,
561 1957 628 1996 hoc
641 1965 712 2005 est,
729 1965 766 1994 ut
783 1971 906 1997 eorum
927 1955 972 1994 de
987 1954 1104 1994 medio
1119 1955 1187 1994 tol-

228 2022 281 2060 las
291 2020 568 2074 impudentiam,
581 2033 650 2058 non
665 2027 702 2056 ut
713 2017 841 2057 doceas
852 2018 1081 2057 :laborabant
1090 2017 1186 2056 enim

230 2084 355 2122 morbo
375 2081 578 2121 incurabili.
600 2081 694 2119 Cum
724 2093 808 2131 ergo
834 2080 901 2118 tale
928 2079 1093 2118 viderent
1120 2078 1187 2117 mi-

231 2145 393 2184 raculum
404 2174 414 2192 ,
425 2153 459 2181 et
470 2142 561 2181 nibil
582 2149 723 2195 possent
736 2150 855 2179 contra
867 2141 986 2179 dicere
996 2171 1006 2190 ‚
1020 2141 1055 2179 in
1069 2140 1188 2193 ipsum

1201 303 1224 335 B

192 2229 216 2250 ι.
233 2205 541 2253 convertebantur,
562 2203 745 2242 dicentes:
769 2203 860 2241 Non
888 2203 1003 2241 audis
1030 2203 1127 2253 quid
1149 2203 1190 2239 lu‘

235 2270 397 2307 dicant?
417 2266 463 2305 Et
482 2280 565 2305 cum
596 2273 770 2318 oporteret
797 2263 964 2318 deinceps
991 2263 1140 2302 adorare
1157 2271 1190 2301 et

233 2329 424 2378 admirari,
447 2337 543 2368 erant
576 2327 680 2366 valde
711 2327 868 2381 perplexi
898 2336 931 2365 et
960 2326 1084 2365 incerti
1103 2325 1191 2378 quid

234 2401 402 2445 agerent,
423 2400 455 2429 et
483 2404 565 2428 cum
594 2389 763 2427 deberent
782 2388 874 2427 inter
892 2402 929 2427 se
949 2387 1087 2434 dicere,
1112 2388 1190 2425 Non

234 2454 360 2502 audis,
379 2452 468 2505 quid
487 2451 524 2490 hi
543 2451 696 2490 dicunt?
716 2450 752 2489 id
771 2450 898 2504 seipsis
910 2449 1069 2489 dimissis
1086 2449 1192 2488 Cliri—

235 2526 288 2555 sto
306 2516 486 2554 dicebant.
503 2514 550 2552 Et
569 2528 633 2552 cur
652 2528 720 2552 non
739 2512 867 2551 emissa
885 2521 938 2551 est
957 2526 1030 2551 vox
1048 2511 1192 2564 angelo·

238 2593 317 2617 rum
329 2579 347 2616 Ξ)
365 2576 474 2625 Quod
506 2576 596 2615 illud
622 2574 769 2627 quidem
788 2582 966 2627 spectrum
987 2573 1038 2613 eis
1056 2572 1192 2627 potuis-

237 2650 288 2678 set
307 2639 439 2688 videri5
461 2638 507 2677 ad
527 2638 595 2676 hoc
621 2646 740 2676 autem
760 2637 850 2675 nihil
871 2644 1034 2689 poterant
1053 2643 1192 2674 contra-

236 2703 365 2741 dicere.
381 2700 480 2748 Quid
499 2709 619 2739 autem
632 2699 797 2738 dicebant
814 2697 943 2751 pueri?
963 2697 1064 2737 Nihil
1085 2710 1194 2749 grave

237 2773 298 2802 aut
318 2763 563 2815 importunum
576 2791 585 2808 ,
606 2774 671 2799 nec
686 2758 783 2812 quod
799 2774 858 2798 eos
873 2760 956 2811 jure
975 2767 1093 2811 posset
1111 2772 1192 2811 per-

239 2825 383 2871 cellere,
399 2824 460 2863 sesl
482 2822 577 2875 quod
595 2822 672 2874 ejus
702 2835 784 2860 cum
804 2822 909 2859 Patre
928 2818 1192 2859 consensionem

241 2886 397 2926 maxime
415 2885 641 2935 signiticaret.
655 2883 885 2922 Benede'ctus
900 2912 908 2931 ‚
923 2881 1112 2930 dicebant,
1127 2884 1195 2933 qui

241 2950 349 2988 veni!
367 2950 407 2984 in
426 2949 579 2983 nomine
602 2946 768 2986 Domini.

293 3010 328 3048 5.
348 3009 453 3047 'runc
474 3021 558 3060 ergo
583 3021 703 3045 eorum
728 3004 882 3045 coercuit
910 3002 1169 3058 impudentiam
1184 3036 1194 3052 ,
1219 3016 1244 3047 ε

285 3165 298 3178 ·
324 3154 416 3187 Unus
449 3155 482 3186 οὔ
507 3154 628 3186 δύναται
653 3158 752 3193 ruzil-1
775 3158 834 3184 τῶν
861 3151 1086 3191 ἐπηγγελμένων
1111 3153 1249 3190 ἀγαθῶν,

243 3212 271 3240 iv
277 3221 335 3240 itm
352 3216 420 3240 τῶν.

286 3262 302 3285 ¹·
327 3261 427 3301 [neu.
448 3261 510 3293 εἶτα
528 3263 595 3305 bip
599 3273 638 3296 ος.
646 3257 656 3300 ]
673 3257 735 3288 llic
752 3256 916 3298 interpres
931 3260 1069 3287 notatur
1083 3261 1120 3285 θ.
1142 3253 1174 3285 ἰιι
1191 3253 1252 3285 Co-

245 3311 318 3343 dice.
343 3311 535 3343 Rnrlicrino.
555 3308 621 3342 Sed
639 3307 707 3341 duo
726 3308 804 3340 Ma«.
824 3307 910 3339 lianc
928 3304 1104 3337 lectionem
1134 3304 1257 3347 Aquilre

246 3373 277 3396 et
317 3362 541 3396 Tluodotioni
581 3359 795 3396 adscribunt.
826 3369 861 3392 ut
894 3356 1006 3390 videns
1038 3358 1069 3388 in
1101 3356 1256 3399 llrxnplis

1236 151 1443 182 Ancmm’.
1480 150 1826 182 CONSTANTINOP
1835 169 1844 181 .

1249 235 1313 285 τὴν
1333 236 1514 288 βασιλείαν
1542 237 1612 274 τῶν
1638 237 1793 288 οὐρανῶν
1818 236 1865 278 ὡς
1894 233 2051 280 παιδίον,
2071 234 2196 287 φησὶν,
2213 236 2279 273 ὀὐ

1248 297 1392 337 δύναται
1410 299 1576 337 εἰσελθεῖν
1594 299 1642 341 εἷς
1663 297 1787 345 αὐτήν.
1805 296 1951 336 Ἕνεκεν
1967 299 2037 334 τῶν
2055 297 2188 349 ἐχθρῶν
2205 310 2279 334 σου.

1248 360 1355 413 Λέγει
1374 360 1434 399 καὶ
1453 359 1517 408 τὴν
1537 358 1653 398 αἰτίαν
1679 361 1723 398 δι’
1753 359 1796 406 ἢν
1824 361 1927 397 τοῦτο
1946 358 2065 410 γέγονε
2083 360 2124 396 τὸ
2142 359 2260 407 θαῦμα
2272 372 2281 381 ·

1249 422 1293 460 τὰ
1314 421 1377 473 μὲν
1393 422 1461 474 γὰρ
1479 421 1570 460 ἄλλα
1594 421 1632 459 οιί
1654 422 1723 459 τῶν
1739 421 1877 474 ἐχθρῶν
1901 420 2016 458 ἕνεκεν
2035 418 2185 470 ἐγίνετο,
2203 418 2281 456 ἀλλ’

1250 481 1342 521 ὥστε
1367 481 1574 536 προσιόντας
1593 475 1783 521 ἀπολαύειν
1808 481 2030 534 εὐεργεσίας,
2058 480 2117 518 καὶ
2144 481 2281 531 ἑτέρους

1250 543 1488 582 παιδεύεσθαι.
1510 545 1626 582 Τοῦτο
1655 543 1691 582 δὲ
1721 545 1760 582 οὖ
1789 543 1846 581 διὰ
1875 548 1977 583 τοῦτο
2007 542 2126 594 γέγονε
2157 541 2281 592 μόνον,

1250 607 1327 645 ἀλλ’
1349 605 1440 644 ὥστε
1456 605 1516 645 καὶ
1532 606 1823 657 ἐπιστομισθῆναι
1840 605 1919 649 τοὺς
1937 605 2083 657 ἐχθρούς
2097 619 2104 628 ·
2120 604 2178 648 οὓς
2193 602 2210 623 ⁵
2221 602 2282 643 καὶ

1250 667 1385 721 ἕτερος,
1406 666 1651 720 ἀκριὸέστερον
1675 666 1797 710 αὐτοὺς
1824 667 1961 714 δηλῶν,
1985 666 2071 719 φησί
2085 682 2093 690 ·
2115 666 2184 705 Διὰ
2201 664 2283 709 τοὺς

1249 729 1501 780 ἐνδεσμόῦντᾶς
1519 744 1571 767 σε.
1593 729 1700 767 Αὐτοὶ
1715 728 1784 780 γὰρ
1802 722 1891 775 ἦσαν
1911 727 2078 774 δήσαντες
2094 727 2198 766 αὐτὸν
2222 726 2281 766 ἐπὶ

1248 790 1306 829 τὸν
1327 791 1477 843 σταυρὸν
1496 790 1677 842 ἀγόμενον.
1697 791 1730 829 Τ
1733 793 1771 829 οῦ
1786 791 1983 828 καταλῦσαι
1998 789 2121 842 ἐχθρὸν
2138 788 2197 827 καὶ
2216 790 2280 827 ἐκ·

1249 851 1409 899 δικητήν.
1429 852 1564 898 Ἄλλος,
1580 851 1691 890 εὨστε
1705 855 1840 890 παῦσαι
1857 851 1998 903 ἐχθρὸν,
2014 850 2073 889 καὶ
2089 853 2282 903 τιμωροῦν-

1249 929 1293 951 τα
1319 914 1454 965 ἑαυτῷ,
1479 912 1538 951 τὸν
1566 912 1649 951 λαὸν
1677 913 1736 951 τὸν
1765 912 1956 951 Ἰουδαϊκὸν
1985 913 2133 950 ἐνταῦθα
2152 910 2280 963 λέγων.

1248 972 1424 1011 ἸΙλαυνον
1457 973 1521 1023 μὲν
1550 973 1618 1025 γὰρ
1648 975 1696 1018 ὡς
1726 974 1851 1026 ἐχθρὸν
1878 974 1936 1013 τὸν
1974 972 2152 1026 Χριστὸν,
2174 987 2283 1025 προσ·

1250 1038 1430 1072 εποιοῦντο
1444 1034 1480 1073 δὲ
1493 1035 1552 1072 τὸν
1569 1033 1713 1086 Πατέρα
1729 1036 1945 1078 ἐκδικοῦντες
1958 1038 2061 1073 τοῦτο
2073 1040 2197 1074 ποιεῖν.
2213 1034 2283 1073 Διὰ

1250 1098 1352 1133 τοῦτο
1370 1095 1501 1142 ταύτης
1519 1094 1643 1138 αὐτοὺς
1662 1097 1865 1147 ἀποστερῶν
1892 1097 1956 1140 τῆς
1983 1096 2186 1146 ἀπολογίας,
2204 1095 2282 1135 ἔλε-

1249 1172 1309 1206 γεν
1322 1172 1330 1180 ·
1347 1154 1392 1196 ‘O
1412 1155 1475 1207 ἐμὲ
1496 1158 1631 1207 μισῶν,
1661 1155 1720 1194 καὶ
1745 1154 1803 1194 τὸν
1823 1155 1968 1208 Πατέρα
1988 1171 2055 1206 μου
2086 1161 2203 1207 μισεῖ·
2222 1155 2284 1195 καὶ

1250 1217 1374 1256 πάλιν·
1394 1217 1439 1256 Ὁ
1457 1216 1632 1256 πιστεύων
1661 1219 1709 1261 εἷς
1737 1216 1820 1268 ἐμὲ,
1841 1216 1999 1256 πιστεύει
2029 1218 2078 1261 εἰς
2104 1216 2165 1255 τὸν
2187 1217 2283 1269 πέμ·

1251 1278 1366 1332 ψαντοί
1392 1295 1453 1331 με·
1475 1278 1546 1317 ἅνω
1565 1279 1624 1318 καὶ
1654 1279 1751 1318 κάτω
1777 1278 1963 1317 συνάπτων
1986 1281 2030 1331 τῇ
2055 1279 2142 1332 πρὸς
2160 1278 2284 1317 ἑαυτὸν

1252 1343 1338 1392 τιμῇ
1365 1341 1424 1379 καὶ
1449 1340 1547 1392 ὕὸρει
1570 1340 1628 1379 τὸν
1647 1340 1807 1392 Πατέρα.
1836 1341 1907 1379 Καὶ
1933 1342 1997 1394 ὅρα
2016 1340 2080 1388 τὴν
2103 1340 2285 1393 ἀκρίὸειαν

1252 1405 1312 1441 τοῦ
1338 1401 1530 1455 προφήτου.
1559 1403 1637 1440 Οὐκ
1665 1395 1765 1450 εἶπε,
1798 1405 1858 1440 τοῦ
1880 1402 2049 1447 κολάσαι,
2076 1400 2191 1447 ἀλλὰ,
2209 1402 2284 1440 Τοῦ

1253 1465 1471 1502 καταλῦσαι’
1487 1463 1573 1516 ὅπερ
1599 1466 1617 1501 ὁ
1647 1464 1764 1516 ἕτερος
1782 1464 1994 1517 σαφέστερον
2017 1465 2134 1512 δηλοῖ,
2150 1463 2285 1516 λέγων,

1252 1527 1357 1564 ‘'1'03
1385 1529 1540 1572 παῦσαι,
1572 1525 1754 1573 τουτέστι,
1786 1525 1851 1573 τὴν
1882 1525 2133 1578 ἀναισχυντίαν
2169 1526 2284 1564 αὐτῶν

1255 1588 1412 1636 ἀνελεῖν,
1440 1588 1478 1626 οὗ
1520 1590 1580 1626 τοῦ
1615 1587 1770 1632 διδάξαι·
1803 1588 1999 1640 ἀδιόρθωτα
2028 1586 2096 1639 γὰρ
2128 1585 2283 1625 ἐνόσουν.

1254 1648 1430 1701 Ὁρῶντες
1462 1653 1545 1701 γοῦν
1575 1653 1729 1688 τοιοῦτον
1759 1653 1893 1701 θαῦμα,
1922 1649 1981 1687 καὶ
2011 1648 2119 1700 μηδὲν
2149 1647 2288 1700 ἔχοντες

1256 1711 1448 1755 ἀντειπεῖν,
1475 1711 1560 1763 πρὸς
1592 1710 1694 1749 αὐτὸν
1721 1710 1975 1763 ἐπεστρέφοντο
2002 1709 2182 1761 λέγοντες·
2207 1710 2287 1748 Οὐκ

1256 1771 1393 1815 ἀκούεις
1419 1772 1453 1811 τί
1486 1767 1579 1810 οὗτοι
1603 1772 1768 1824 λέγουσι;
1797 1772 1884 1810 Δέον
1908 1771 2029 1811 λοιπὸν
2045 1774 2287 1824 προσκυνῆσαι

1255 1833 1315 1871 καὶ
1332 1833 1531 1884 θαυμάσαι,
1559 1835 1591 1872 οἱ
1619 1833 1655 1872 δὲ
1679 1835 1714 1872 ἐν
1744 1832 1928 1886 ἀμηχανία
1958 1827 2047 1879 ἦσαν
2073 1833 2208 1885 πολλῇ,
2227 1831 2288 1870 καὶ

1255 1894 1450 1947 ὀφείλοντες
1476 1895 1641 1942 ἀλλήλοις
1667 1894 1782 1946 λέγειν
1799 1893 1944 1938 ἕκαστος
1959 1896 2011 1946 τῷ
2036 1892 2207 1940 πλησίον,
2224 1894 2288 1932 οὐκ

1257 1956 1394 2001 ἀκούεις
1415 1956 1450 1995 τί
1466 1950 1562 1995 οὗτοι
1584 1956 1763 2007 λέγουσιν;
1785 1956 1928 2009 ἀφέντες
1954 1954 2096 2000 ἑαυτοὺς
2118 1958 2168 2008 τῷ
2194 1955 2287 2007 Χρι-

1258 2022 1330 2072 στῷ
1359 2021 1488 2070 ἔλεγον.
1519 2018 1588 2057 Καὶ
1619 2017 1711 2061 τίνος
1737 2018 1853 2056 ἕνεκεν
1880 2019 1944 2056 οὐκ
1972 2016 2128 2069 ἀγγέλων
2155 2015 2288 2069 ἠνέχθη

1259 2080 1377 2132 qaum-133
1404 2080 1492 2118 “Ort
1513 2082 1623 2119 ἐκεῖνο
1649 2079 1713 2131 μὲν
1741 2079 1930 2132 φάντασμα
1960 2080 2076 2123 αὐτοῖς
2103 2077 2216 2123 ἔδοξεν
2247 2078 2288 2116 ἂν

1261 2135 1365 2179 εἶναι·
1395 2141 1481 2193 πρὸς
1510 2145 1612 2180 τοῦτο
1642 2141 1678 2178 δὲ
1707 2140 1805 2179 οὐδὲν
1832 2134 1927 2192 εἶχον
1959 2141 2148 2179 ἀντειπεῖν.
2177 2139 2225 2178 Τί
2251 2139 2288 2178 δὲ

1259 2201 1377 2253 ἔλεγον
1402 2201 1445 2239 τὰ
1476 2201 1620 2248 maetam
1652 2201 1764 2240 Οὐδὲν
1797 2201 1984 2255 φορτικὸν,
2013 2201 2091 2240 οὐδὲ
2120 2199 2289 2254 ἐπαχθὲς,

1260 2265 1338 2303 οὐδὲ
1357 2263 1476 2303 ἱκανον
1495 2263 1620 2307 αὐτους
1635 2263 1786 2311 πλῆξαι,
1807 2263 1897 2302 ἀλλὰ
1928 2262 2082 2314 μάλιστα
2110 2261 2174 2309 τὴν
2201 2276 2292 2312 συμ-

1261 2326 1391 2378 φωνίαν
1411 2325 1474 2372 τὴν·
1490 2325 1575 2378 πρὸς
1602 2326 1661 2364 τὸν
1679 2324 1823 2378 Πατέρα
1850 2325 1988 2371 δηλουν.
2018 2322 2261 2376 Εὐλογημένος
2278 2352 2288 2371 ‚

1262 2389 1394 2440 ἔλεγον,
1410 2391 1428 2427 ὁ
1448 2387 1634 2440 ἐρχόμενος
1653 2388 1688 2426 ἐν
1704 2385 2009 2438 ὀνόματιΚυρίου.

1325 3005 1417 3045 Τότε
1433 3003 1496 3056 μὲν
1515 2996 1574 3043 οὖν
1588 3003 1777 3044 κατέλυσεν
1798 3005 1910 3043 αὐτῶν
1929 3005 1992 3050 τὴν
2006 3003 2021 3024 ‘¹
2035 3005 2299 3056 ἀναισχυντίαν,

1288 3147 1420 3180 nostris-

1333 3208 1347 3223 ⁴·
1373 3200 1412 3231 ln
1427 3196 1583 3241 llexnplio
1600 3197 1722 3230 nostris
1738 3195 1807 3230 lucc
1824 3196 1923 3230 lectio
1938 3197 2061 3242 Aquita
2075 3197 2244 3235 tribuitur.

1334 3250 1349 3275 (Ι
1377 3251 1453 3283 Post
1466 3255 1675 3295 ἀναισχυντίαν
1688 3250 1719 3283 in
1735 3250 1848 3283 Morel.
1863 3249 1999 3284 ndditur
2016 3258 2075 3287 ἀπὸ
2090 3260 2142 3292 τῆς
2155 3261 2299 3299 χρήσεως,

1292 3302 1325 3336 id
1339 3301 1453 3347 quod'
1447 3314 1478 3337 tn
1493 3301 1620 3336 cmieris
1637 3314 1702 3335 uon
1718 3301 1869 3335 liabetur
