2430 3721
671 161 690 184 Ε

670 181 709 192 ι·

273 148 334 209 98

275 244 434 284 numeris
458 243 634 298 dispersi,
670 244 838 283 omnibus
868 242 1075 282 bominibus
1104 242 1228 293 exosi,

273 305 499 356 exsecrandi,
515 315 548 344 et
578 306 746 345 omnibus
777 305 822 344 ad
839 304 1006 358 injuriam
1024 303 1227 358 opportuni.

275 366 323 406 Et
341 368 466 406 merito
478 367 622 420 quidem
638 384 646 404 ε
662 382 730 406 non
747 367 841 405 enim
857 365 1001 420 praemia
1025 365 1228 419 accepistis,

273 427 372 481 quod
399 428 465 467 Dei
492 429 677 467 inimicum
696 427 923 466 occideritis:
951 426 1022 466 hoc
1049 441 1146 466 mera
1176 435 1229 465 est

274 490 410 529 insania
427 500 460 528 et
477 505 590 543 nugae.
610 492 700 538 Qum
726 489 821 528 enim
837 502 932 528 nunc
947 488 1112 542 patimini
1128 519 1139 538 ‚
1159 501 1228 527 non

275 560 357 589 sunt
372 565 494 589 eorum
514 551 575 603 qui
601 551 666 590 Dei
693 551 855 590 inimicos
869 550 1035 589 occidunt
1051 581 1061 600 ,
1083 549 1144 589 sed
1170 564 1230 589 eo·

276 626 356 650 rum
383 612 444 664 qui
476 613 612 652 amieos
629 612 848 652 interimunt.
868 610 954 661 sed,
971 625 993 650 o
1019 611 1156 662 amice,
1179 611 1231 650 in·

274 674 428 724 quiunt,
445 674 521 714 haze
547 689 616 714 non
643 674 799 714 dicimus
817 690 824 711 :
845 683 989 727 propter
1015 682 1132 712 nostra
1152 687 1231 726 pec-

277 744 352 773 cata
370 735 444 774 haec
457 737 626 790 patimur.
647 737 752 775 Nunc
778 735 996 775 confitemini
1023 734 1196 774 increduli
1213 734 1231 772 Ξ)

278 805 311 834 et
324 812 486 848 quamam
504 799 673 852 peccastis
692 799 710 836 Ρ
728 801 781 836 An
798 811 893 836 nunc
922 796 1079 851 primum
1110 810 1231 849 pecca—

277 858 367 897 stis?
395 861 500 899 Nunc
527 870 621 899 certe
663 859 914 899 moderatiores
958 858 1131 897 evasistis.
1158 856 1231 895 Sed

277 919 435 959 nondum
453 922 520 960 hoc
543 922 684 971 agimus
704 936 712 957 t
739 929 774 959 at
792 934 857 958 vos
882 919 972 957 illud
1007 918 1157 956 libenter
1176 917 1231 955 in-

275 989 489 1033 terrogarem
504 1012 514 1029 ,
549 997 612 1020 cur
635 981 735 1033 prius
758 994 898 1032 semper
926 988 1110 1031 peccantes
1125 1006 1136 1026 ,
1163 976 1230 1015 Dei

275 1040 530 1091 benignitatem
544 1051 576 1079 et
591 1039 813 1078 clementiam
829 1039 986 1077 sensistis
1003 1068 1013 1087 ‚
1041 1051 1137 1076 nunc
1166 1051 1231 1076 au-

274 1109 346 1139 tem
363 1116 432 1140 non
458 1101 583 1140 itidem
597 1131 607 1150 ,
620 1110 652 1139 et
668 1099 765 1152 quod
780 1109 833 1138 est
846 1099 1115 1148 admirabilius,
1136 1111 1232 1137 nunc

1253 740 1279 770 A

747 160 937 192 JOANNts
972 158 1221 190 CHRYSOST·
1261 160 1472 192 Ancuttzp.
1510 163 1875 197 CONSTANTINOP-

1303 244 1405 290 ποίας
1442 247 1639 301 ἁμαρτίας;
1672 252 1749 290 εἶπέ
1787 266 1858 302 μοι.
1895 250 1956 298 Μὴ
1991 250 2060 304 γὰρ
2095 253 2155 290 νῦν
2187 253 2330 305 πρῶτον

1301 307 1549 358 ἡμαρτήκατε;
1565 312 1636 349 Νῦν
1651 313 1714 362 μὲν
1728 306 1787 351 οὗν
1804 312 1862 351 καὶ
1878 311 2131 365 ἐπιεικέστεροι
2148 313 2329 365 γεγόνατε.

1303 365 1408 406 Ἀλλὰ
1433 370 1542 420 μήπω
1568 376 1692 411 τοῦτο·
1722 375 1800 412 ἀλλ
1828 376 1939 412 ἐκεῖνο
1969 374 2008 412 ἂν
2039 376 2130 425 ὑμᾶς
2159 375 2328 427 ἐροίμην·

1302 427 1392 473 τίνος
1409 431 1525 470 ἕνεκεν
1551 435 1606 472 ἀεὶ
1628 434 1911 488 ὓᾶμαρτάνοντες
1929 436 2098 488 πρότερον
2118 436 2328 489 ἐτυγχάνετε

1301 491 1563 545 φιλανθρωπίας
1588 496 1684 549 παρὰ
1707 500 1800 536 θεοῦ
1813 527 1823 544 ,
1848 500 1907 535 νῦν
1926 497 1963 536 δὲ
1983 497 2120 544 οὐκέτι,
2144 497 2206 535 καὶ
2223 497 2266 536 τὸ
2283 496 2328 544 δὴ

1302 553 1589 608 παραδοξότερον,
1618 558 1672 596 ὅτι
1690 559 1749 596 καὶ
1768 558 1937 597 ἐλάττονα
1962 562 2022 597 νῦν
2049 558 2328 611 ἇμαρτάνοντες;

1302 612 1395 652 Τότε
1430 615 1493 665 μὲν
1529 618 1597 670 γὰρ
1633 621 1695 659 καὶ
1727 623 1778 673 τῷ
1811 619 2018 673 Βεελφεγὼρ
2050 621 2240 667 ἐτελεῖσθε,
2268 617 2330 658 καὶ

1260 702 1291 727 ⁸2
1303 673 1436 728 μόδιον
1463 681 1772 731 προσεκυνήσατε,
1808 682 1868 721 καὶ
1894 681 1973 726 τοὺς
2006 681 2099 726 υἱοὺς
2130 680 2329 734 ἐσφάξατι,

1303 735 1362 773 καὶ
1379 734 1441 782 τὰς
1454 741 1647 794 θυγατέρας
1665 746 1764 794 ὑμῶν
1783 745 1951 791 ἀνείλετε,
1970 744 2154 782 καὶταῦτα
2171 741 2328 794 σημείων

1301 798 1553 846 ἀπολαύοντες·
1579 806 1639 841 νῦν
1666 805 1702 844 δὲ
1721 807 1760 845 οὗ
1781 805 1955 844 θάλατταν
1990 809 2138 859 ὁρῶντες
2156 803 2326 858 σχιζομ-

1301 873 1375 906 νην,
1393 862 1431 898 οὗ
1448 861 1579 915 πέτραν
1597 867 1833 918 ῥηγνυμένην,
1854 869 1893 906 οὗ
1918 868 2101 920 προφήτας
2130 879 2325 918 παραγινο-

1301 920 1426 969 μένους
1438 951 1448 967 ,
1485 925 1523 961 οὐ
1564 928 1627 972 τ’ἧς
1662 928 1829 974 συνήθους
1871 929 2106 972 ἀπολαύοντες
2139 926 2304 980 προνοίας
2316 956 2328 974 2

1300 979 1395 1030 ὅμως
1428 983 1569 1033 μείζονα
1603 988 1841 1029 ἐπιδείκνυσθε
1869 990 1932 1037 τὴν
1959 990 2173 1028 ἐπιείκειαν·
2201 987 2236 1026 τί
2266 986 2332 1034 δή·

1301 1056 1386 1080 ποτε
1415 1037 1487 1090 οὖν,
1511 1046 1568 1084 ὅτε
1596 1049 1655 1086 καὶ
1679 1049 1724 1087 τὰ
1751 1050 1993 1102 ἁμαρτήματα
2018 1050 2209 1097 ἕλᾶττῦνα,
2231 1048 2329 1094 καὶὴ

1303 1105 1509 1156 σωφροσύνη
1527 1108 1670 1156 πλείων,
1691 1109 1818 1160 μείζων
1838 1114 1860 1157 ἡ
1880 1111 2023 1155 κόλασις
2039 1110 2099 1149 καὶ
2113 1113 2137 1158 ἡ
2155 1109 2330 1162 τίμωρίαό

75 1172 165 1201 Num.
185 1170 233 1199 25.
275 1162 412 1201 minora
445 1172 587 1216 peccata
616 1161 904 1201 committentes?
936 1161 1043 1199 Tunc
1075 1160 1171 1198 enim
1198 1168 1232 1199 et

74 1229 259 1258 E.1-0‹1.3.2.
275 1224 494 1278 Beelphegor
509 1224 758 1272 initiabamini,
771 1233 805 1262 et
823 1222 979 1262 vitulum
996 1221 1184 1272 adorastis,
1198 1230 1233 1261 et

75 1294 162 1322 mal.
191 1295 258 1325 105.
275 1285 369 1324 filios
387 1286 578 1334 occidistis,
594 1295 627 1324 et
642 1286 735 1324 filias
749 1285 794 1323 de
822 1284 940 1323 medio
958 1283 1164 1333 sustulistis,
1178 1283 1231 1322 id-

1302 1167 1380 1205 Οὖκ
1406 1167 1552 1215 εὔδηλον
1583 1171 1642 1209 καὶ
1675 1178 1746 1216 τοῖς
1773 1171 1905 1225 σφόδρα
1934 1171 2113 1219 ἀνοήτοις,
2133 1171 2188 1210 ὅτι
2207 1169 2330 1217 ἐπειδὴ

1304 1231 1421 1278 μεῖζον
1451 1230 1491 1269 τὸ
1523 1235 1581 1269 νῦν
1613 1233 1823 1286 ἁμάρτημας
1854 1233 1949 1278 Ἕως
1979 1234 2042 1284 μὲν
2074 1233 2142 1285 γὰρ
2171 1234 2221 1276 εἷς
2251 1229 2331 1274 ῖθῖκ

1302 1290 1443 1335 δούλους
1467 1294 1706 1345 ἡμαρτάνετε,
1742 1296 1952 1350 ἐτυγχάνετε
1981 1295 2213 1348 συγγνώμης,
2240 1307 2330 1346 προ·

72 1334 123 1373 35.
142 1336 192 1365 38.

73 1380 211 1416 aroana
220 1401 226 1407 .

232 1362 342 1407 etque
353 1362 434 1386 cum
455 1348 559 1387 vobis
577 1348 679 1399 signa
694 1346 838 1386 abunde
865 1354 1114 1399 suppeterent:
1135 1359 1231 1384 nunc

273 1418 392 1448 autem
406 1423 488 1448 cum
505 1424 568 1448 nec
582 1409 734 1448 videatis
750 1422 846 1447 mare
863 1407 993 1457 dividi,
1009 1421 1071 1446 nec
1090 1417 1229 1460 petram

272 1470 401 1523 frangi,
422 1485 484 1510 nec
499 1471 620 1510 adesse
633 1470 837 1524 prophetas,
856 1483 921 1508 nec
944 1469 1051 1507 vestri
1081 1482 1227 1507 consue-

271 1541 344 1570 tam
361 1533 518 1571 sentiatis
534 1532 818 1586 providentiam,
837 1531 950 1584 major
979 1539 1098 1569 tamen
1118 1544 1228 1583 appa·

270 1602 343 1631 reat
360 1594 541 1646 probitas:
570 1608 734 1645 quaenam
765 1601 816 1630 est
838 1607 943 1631 causa
959 1622 970 1641 ,
995 1590 1093 1643 quod
1112 1605 1226 1642 quan-

269 1654 318 1693 do
334 1655 452 1693 minus
470 1657 635 1708 peccatis,
655 1665 687 1694 et
720 1655 833 1708 major
859 1663 911 1692 est
931 1662 1046 1692 vestra
1066 1652 1226 1692 modera—

269 1716 331 1763 tio,
362 1718 474 1769 major
501 1718 546 1756 sit
580 1731 681 1770 poena
718 1730 760 1755 ac
805 1714 1057 1768 supplicium?
1097 1717 1224 1752 Annon

270 1777 326 1814 vel
342 1777 462 1815 stultis
481 1777 617 1816 clarum
637 1787 689 1817 est
705 1807 715 1827 ,
742 1776 779 1815 id
804 1776 884 1815 ideo
915 1775 993 1814 sieri
1009 1805 1020 1825 ‚
1055 1774 1225 1827 quoniam

268 1839 383 1890 majus
415 1848 466 1878 est
500 1848 659 1878 vestrum
687 1853 783 1877 nunc
805 1837 1020 1892 peccatum?
1039 1835 1223 1884 Quamdiu

266 1899 361 1938 enim
392 1901 427 1938 in
459 1915 578 1939 servos
615 1900 808 1954 peccastis,
846 1900 989 1939 veniam
1022 1899 1107 1938 estis
1129 1911 1223 1937 asse-

265 1961 368 2013 quuti
383 1992 393 2011 ,
411 1971 450 2001 ut
477 1977 560 2001 cum
577 1962 767 2016 prophetas
783 1961 1027 2000 interficeretis
1040 1970 1074 1999 et
1092 1959 1223 2014 lapidi-

266 2022 334 2061 bus
350 2024 566 2076 impeteretis
584 2038 595 2073 ;
615 2022 676 2062 sed
695 2032 883 2076 postquam
902 2036 1029 2061 manus
1044 2022 1080 2060 in
1097 2021 1223 2060 Domi-

269 2097 355 2122 num
390 2084 560 2137 injecistis
573 2114 584 2131 ,
619 2084 723 2123 vobis
763 2083 929 2136 deinceps
974 2083 1088 2122 evasit
1120 2083 1222 2121 ulcus

267 2143 539 2182 immedicabile.
555 2143 603 2182 Et
633 2143 712 2182 ideo
747 2142 996 2195 quadringenti
1035 2143 1113 2195 jam
1139 2142 1222 2181 anni

266 2205 538 2257 praeterierunt,
559 2219 604 2244 ex
617 2219 688 2257 quo
705 2205 859 2244 civitatis
885 2205 942 2244 vel
962 2204 1080 2257 ipsum
1105 2204 1221 2243 solum

266 2265 391 2318 periit,
416 2267 598 2305 sublatum
616 2275 668 2305 est
698 2266 934 2305 sacerdotium
947 2295 957 2311 ‚
993 2279 1142 2318 regnum
1159 2265 1221 2304 ab·

266 2337 412 2380 ruptum
426 2359 435 2376 ,
456 2329 608 2367 consusae
621 2329 756 2377 tribus,
775 2328 944 2381 praeclara
958 2327 1018 2366 illa
1032 2336 1065 2365 et
1082 2327 1220 2379 magni—

267 2389 333 2427 fica
365 2399 596 2438 evanuerunt,
628 2400 661 2428 ct
694 2404 737 2428 nc
764 2389 956 2442 vestigium
988 2388 1136 2441 quidem
1165 2397 1217 2427 est

266 2450 362 2504 apud
379 2466 443 2490 vos
470 2453 649 2504 reliquum
680 2468 687 2489 :
714 2451 810 2503 quod
839 2465 1035 2503 numquam
1063 2460 1144 2489 ante
1168 2450 1219 2489 sa-

267 2521 363 2551 ctum
377 2523 439 2551 est.
457 2513 526 2552 sed
548 2513 582 2552 in
602 2512 779 2566 principio
791 2511 937 2564 quidem
957 2526 1038 2550 cum
1056 2510 1221 2550 dirutum

267 2584 354 2613 essct
367 2575 539 2628 templum
553 2605 563 2624 ‚
584 2574 812 2614 remanebant
826 2573 1006 2627 prophetae
1018 2603 1030 2625 ,
1049 2582 1082 2612 et
1106 2573 1221 2626 Spiri-

269 2647 325 2674 tus
343 2635 434 2675 dona
452 2667 462 2686 ,
488 2646 522 2675 et
541 2636 711 2675 miracula
733 2652 741 2674 :
777 2650 871 2675 nunc
895 2644 1038 2685 autem,
1065 2643 1104 2674 ut
1129 2635 1222 2674 clarc

270 2697 476 2748 intelligatis
493 2699 605 2737 Deum
631 2712 694 2737 vos
714 2712 788 2736 esse
812 2705 982 2750 perpetuo
997 2705 1221 2747 aversatum,

269 2774 307 2796 ca
326 2774 466 2811 quoque
485 2760 624 2798 sublata
648 2768 729 2798 sunt
745 2774 753 2796 :
769 2773 811 2797 ac
838 2758 989 2797 servitus
1013 2757 1111 2797 adest
1127 2788 1138 2808 ,
1166 2771 1222 2797 ca-

270 2820 417 2873 ptivitas
432 2831 464 2859 ct
495 2835 614 2859 rerum
635 2821 797 2859 omnium
813 2820 971 2868 eversio,
993 2828 1027 2858 et
1051 2818 1148 2871 quod
1171 2828 1223 2859 est

270 2882 431 2920 omnium
451 2883 717 2933 gravissimum,
735 2881 800 2921 Dei
819 2895 840 2919 a
856 2881 959 2919 vobis
979 2881 1139 2919 recessio.

325 2945 361 2981 4.
382 2947 430 2981 Ac
450 2943 594 2996 perinde
624 2944 705 2982 fecit
722 2945 838 2991 Deus,
855 2951 895 2980 ut
924 2944 953 2981 si
970 2942 1054 2993 quis
1080 2957 1224 2982 servum

273 3006 465 3057 ingratum,
478 3020 569 3058 saepc
587 3006 709 3056 flagris
722 3019 851 3044 caesum
871 3013 905 3043 ct
921 3018 989 3043 non
1004 3014 1202 3044 correctum
1216 3034 1226 3054 ,

315 3151 332 3174 b
355 3149 562 3182 Sententiam
588 3149 618 3181 in
647 3148 755 3182 Editio
772 3159 925 3182 mancum
943 3147 990 3181 sic
1007 3159 1046 3181 ex
1065 3159 1131 3181 uno
1151 3147 1277 3181 Codice

271 3205 483 3236 restituimus.
500 3202 507 3247 Ι
526 3201 633 3235 verba
652 3210 854 3248 mamper-u.
871 3209 919 3235 νῦν
934 3207 1159 3247 ἁμαρτάνοντες
1174 3202 1277 3232 omit—

271 3262 343 3287 tunt
362 3256 441 3291 nee.
461 3263 493 3286 et
517 3253 614 3287 Con».
635 3253 758 3285 Eadem
777 3254 842 3285 fvi-e.
866 3265 883 3285 n
901 3259 976 3287 ωηῧ
999 3252 1041 3284 nd
1065 3260 1134 3287 τότι
1159 3251 1276 3284 lacuna

267 3315 315 3339 est
333 3307 366 3339 in
381 3305 466 3338 Edd.
478 3305 578 3339 sax-il.
598 3313 631 3339 et
647 3305 761 3339 Morel.
775 3305 949 3349 Supplevit
967 3305 1070 3339 savit.
1083 3305 1115 3338 in
1132 3305 1230 3338 Tum.
1244 3307 1276 3346 8,

266 3371 282 3391 e
302 3358 399 3392 Barb.
416 3358 574 3391 exbibens
591 3362 768 3404 παράῗοξσν.
787 3359 867 3401 ὅτι]

1302 1354 1414 1405 φήτας
1437 1356 1657 1408 ἀναιροῦντες
1683 1359 1742 1396 καὶ
1762 1359 1975 1403 λιθάζοντες·
1995 1357 2117 1405 ἐπειδὴ
2140 1356 2177 1396 δὲ
2195 1358 2246 1400 εἰς
2269 1353 2329 1393 τὸν

1301 1418 1486 1464 Δεσπότην
1517 1418 1580 1463 τὰς
1610 1426 1731 1472 χεῖρας
1763 1420 1975 1466 ἐξετείνατε,
2007 1419 2148 1458 ἀνίατον
2185 1418 2326 1470 γέγονεν

1299 1479 1381 1529 ὑμῖν
1405 1479 1445 1517 τὸ
1465 1480 1564 1525 ἕλκος
1589 1482 1722 1520 λοιπόν.
1757 1482 1821 1519 Διὸ
1849 1481 2086 1533 “τετρακο’σια
2114 1479 2236 1518 λοιπὸν
2262 1479 2325 1525 ἔτη

1297 1543 1489 1593 παρῆλθον,
1521 1543 1579 1595 ἀφ’
1611 1538 1650 1580 οἷ
1680 1543 1738 1581 καὶ
1770 1543 1855 1581 αὐτὸ
1881 1546 1945 1590 *ri-{c
1974 1543 2109 1585 πόλεως
2135 1542 2176 1580 τὸ
2201 1541 2326 1593 ἔδαφος

1296 1603 1487 1655 ἠφάνισται
1500 1633 1509 1650 ,
1524 1607 1545 1650 ἡ
1559 1604 1730 1656 ἱερωσύνη
1748 1605 1934 1656 ἀνῄρηται,
1948 1607 1970 1651 ἡ
1988 1603 2149 1656 βασιλεία
2165 1602 2323 1649 λε’λυται,

1295 1664 1340 1702 τὰ
1365 1668 1434 1703 τῶν
1462 1667 1578 1717 φυλῶν
1608 1666 1845 1719 συγκέχυται,
1874 1665 1988 1703 πάντα
2007 1665 2050 1703 τὰ
2070 1663 2182 1716 σεμνὰ
2207 1665 2325 1702 ἐκεῖνα

1294 1726 1353 1764 καὶ
1383 1727 1531 1779 λαμπρὰ
1562 1727 1763 1780 ἠφάνισται,
1791 1727 1851 1766 καὶ
1882 1727 1960 1766 οὐδὲ
1988 1727 2082 1780 ἴχνος
2108 1727 2193 1779 παρ’
2218 1728 2324 1776 ὑμῖν·

1294 1786 1380 1839 ὅπερ
1409 1787 1574 1826 οὐδέποτε
1602 1788 1753 1840 γέγονεν.
1776 1789 1868 1827 Ἀλλ’
1899 1790 1933 1826 ἐν
1956 1790 2050 1841 ἀρχῇ
2071 1787 2148 1839 μὲν,
2174 1787 2233 1825 καὶ
2261 1789 2323 1825 τοῦ

1295 1853 1377 1886 ναοῦ
1413 1849 1658 1902 καθῃρημένου
1675 1880 1686 1897 ,
1718 1853 1750 1889 οἱ
1784 1852 1962 1903 προφῆται
2005 1849 2216 1901 παρέμενον,
2259 1847 2324 1887 καὶ

1295 1910 1503 1962 Πνεύματος
1515 1911 1693 1964 χορηγίαι,
1707 1911 1767 1950 καὶ
1782 1910 1900 1962 Θαύμα
1909 1926 1958 1949 σα·
1975 1910 2048 1949 νυνὶ
2064 1911 2116 1958 δὲ,
2131 1910 2189 1949 ἵνα
2203 1912 2323 1963 σαφῶς

1295 1972 1431 2023 μάθητε
1448 1973 1502 2011 ὅτι
1520 1976 1538 2012 ὁ
1553 1974 1643 2017 Θεὸς
1664 1975 1755 2023 ὑμᾶς
1778 1973 2026 2025 ἀπέστραπται
2049 1972 2238 2021 διηνεκῶς,
2262 1971 2323 2011 καὶ

1293 2037 1404 2072 ταῦτα
1427 2034 1620 2086 ἀνῄρηται·
1640 2035 1700 2072 καὶ
1723 2034 1883 2082 δουλεία,
1903 2033 1962 2072 καὶ
1986 2032 2236 2086 αἰχμαλωσία,
2263 2033 2324 2072 καὶ

1293 2095 1434 2133 πάντων
1457 2095 1631 2138 ἔκπτωσις
1647 2094 1819 2133 κατέλαὸε
1831 2124 1842 2142 ,
1859 2095 1918 2134 καὶ
1934 2095 1974 2134 τὸ
1993 2095 2134 2133 πάντων
2152 2094 2321 2147 χαλεπώ-

1293 2171 1406 2209 τερον,
1427 2159 1520 2197 Θεοῦ
1540 2156 1798 2209 ἐγκατάλειψις.

1353 2940 1422 2979 Καὶ
1449 2939 1574 2979 ταύτὸν
1590 2938 1780 2985 πεποίηκεν
1798 2939 1817 2976 ὁ
1837 2937 1943 2984 Θεὸς,
1964 2932 2034 2977 οἷον
2056 2937 2097 2976 ἂν
2117 2938 2149 2976 εἴ
2165 2954 2218 2983 τις
2239 2939 2320 2978 δοῦ-

1299 3005 1358 3043 λον
1375 3002 1561 3055 ἀγνώμονα
1579 3001 1747 3045 πολλάκις
1774 3000 2010 3053 μαστιχθέντα
2029 3001 2088 3040 καὶ
2107 3001 2157 3052 μὴ
2177 3002 2321 3055 διορθω-

1356 3158 1369 3172 ·
1396 3148 1458 3180 Pnr
1471 3155 1617 3180 erratum
1628 3145 1762 3179 exbibet
1775 3144 2035 3189 Clirysostomus
2050 3146 2082 3178 in
2097 3144 2190 3179 libri·
2202 3153 2321 3179 conum

1313 3199 1464 3236 suda-os.
1483 3199 1560 3243 quin
1577 3197 1828 3239 chronologiam
1845 3197 1896 3228 illc
1918 3208 1983 3229 non
2007 3197 2150 3231 multum
2167 3195 2320 3232 cur-bnt.

1311 3253 1394 3285 Cum
1412 3253 1499 3284 enim
1518 3251 1575 3284 lias
1594 3251 1824 3294 Expositioncs
1842 3252 1873 3283 in
1892 3250 2039 3283 Psi-imos
2065 3249 2266 3288 Antiochia.
2285 3257 2320 3282 ut

1313 3305 1344 3337 in
1374 3305 1568 3337 praefatione
1593 3303 1728 3344 dicitur,
1754 3302 1915 3342 eduis-rit,
1936 3306 1989 3335 vix
2017 3305 2155 3337 trecenti
2185 3305 2319 3347 triginta

1313 3358 1389 3389 nuntii
1403 3356 1568 3389 nunna-rari
1584 3363 1738 3399 poterant
1751 3355 1792 3388 nl)
1807 3355 1939 3389 excidio
1953 3354 2316 3399 inolerosolymorum.
