2492 3725
823 239 864 269 IN

46 325 238 377 ἀναγκαίας
273 325 382 362 ποιῶν
415 320 602 362 ἀπολαύειν
637 323 788 376 τροφῆς;
822 327 837 343 ⁰
850 321 898 360 Τί
934 320 970 359 δὲ
1002 321 1065 358 οὐκ

45 396 170 448 ἀνέχῃ,
193 396 371 447 ἄνθρωπος
390 394 458 441 ὢν,
479 392 671 446 ἀνθρώποις
692 391 963 443 ἀναμίγνυσθαι,
985 392 1062 428 ἀλλ’

44 466 194 519 ἐρημίαν
221 467 394 511 ἐπιζητεῖς
425 466 460 502 ἐν
493 463 615 513 μέσαις
641 468 718 506 ταῖς
748 462 894 506 πόλεσι,
923 459 982 497 καὶ
1002 459 1064 495 οὐκ

44 537 169 579 ἐννοεῖς
187 535 238 573 ὅτι
258 535 316 573 καὶ
336 537 353 572 ὃ
369 534 550 579 Δεσπότης
569 548 629 570 σου
658 531 747 582 μετὰ
764 532 924 568 τελωνῶν
942 528 1041 574 ἤσθιε
1052 557 1062 575 ,

45 605 103 643 καὶ
122 605 210 655 μετὰ
236 603 365 655 πόρνης
387 601 569 653 διελέγετο,
590 600 649 638 καὶ
670 599 758 650 μετὰ
774 601 913 650 λῃστῶν
937 599 1065 634 ἐσταυ-

47 677 168 726 ροῦτο,
187 673 245 711 καὶ
262 679 332 715 τοῖς
360 671 550 723 ἀνθρώποις
577 669 868 720 συνανεμίγνυτο·
897 667 988 705 ἀλλὰ
1013 670 1064 720 τῷ

43 742 142 795 τύφῳ
158 743 216 780 καὶ
234 745 277 793 τῇ
292 741 435 792 ἀπονοίᾳ
453 731 735 792 τυραννούμενος,
751 737 937 782 ἀπολλύεις
950 738 1009 776 καὶ
1025 737 1065 775 τὸ

45 811 222 864 ἄνθρωπος
241 804 327 848 εἶναι
337 827 347 858 ;
365 810 544 848 Ἐντεῦθεν
560 812 645 859 ἡμῖν
662 811 683 854 ἡ
702 808 815 854 πολλὴ
837 810 899 854 τῆς
915 809 1065 858 ἐλεημο-

44 879 149 926 σύνης
163 878 332 931 ὑπεροψία
344 908 354 926 ,
369 880 524 917 ἐντεῦθεν
546 881 563 916 ὁ
581 881 643 925 τῆς
666 876 867 921 πλεονεξίας
885 876 991 928 ἔρως,
1014 877 1065 914 ἐν-

41 952 158 986 τεῦθεν
176 952 197 995 ἡ
214 948 354 999 ὠμότης
368 947 428 986 καὶ
445 946 689 1000 ἀπανθρωπία.
707 946 823 985 (Ὅταν
841 946 909 998 γὰρ
929 945 989 984 καὶ
1004 961 1066 998 χα-

40 1018 131 1056 λινὸν
147 1021 297 1070 χρυσοῦν
316 1021 366 1070 τῷ
392 1017 492 1069 ἵππῳ
512 1020 656 1070 περιΟῇς
669 1048 678 1064 ,
699 1015 759 1054 καὶ
787 1015 961 1067 μανιάκην
977 1030 1063 1068 χρυ-

39 1091 118 1126 σοῦν
147 1091 196 1141 τῷ
224 1087 364 1140 οἰκέτῃ,
397 1088 456 1126 καὶ
485 1087 622 1126 πέταλα
648 1093 765 1139 χρυσᾶ
796 1089 846 1138 τῷ
874 1085 978 1138 λίθῳ,
1003 1086 1063 1124 καὶ

39 1157 193 1209 δέρματα
216 1163 332 1210 χρυσᾶ
359 1156 457 1209 παρὰ
488 1156 561 1204 σοὶ,
596 1156 658 1194 καὶ
691 1155 818 1206 ἱμάτια
846 1162 982 1208 χρυσᾶ,
1003 1151 1063 1194 καὶ

37 1225 128 1274 ζώνη
147 1230 277 1279 χρυσῆ,
294 1226 353 1264 καὶ
369 1226 592 1278 ὑποδήματα,
611 1225 670 1264 καὶ
686 1224 859 1268 τοσαύτας
875 1228 939 1272 τῆς
956 1240 1063 1272 πονη-

902 237 948 268 Ps
955 238 981 267 A
988 236 1112 267 LMUM
1146 237 1285 268 XLVIII
1293 257 1303 268 .

1994 230 2088 294 627

1135 320 1320 371 sationem,
1339 331 1402 361 aut
1429 337 1538 374 quam
1561 324 1703 363 veniam
1731 326 1923 375 obtinebis,
1939 329 2002 379 qui
2028 332 2093 382 ju·-

1134 391 1304 429 mentum,
1315 383 1410 434 quod
1431 385 1575 424 nullum
1589 386 1692 425 istius
1710 386 1934 426 liberalitatis
1950 403 2094 428 sensum

1133 445 1240 496 capit,
1262 445 1354 484 ultra
1374 448 1611 486 necessarium
1628 463 1731 487 usum
1756 463 1905 488 exornas
1923 451 2093 502 (perinde

1134 518 1286 556 namque
1305 521 1431 545 aurum
1452 518 1503 546 est
1524 509 1577 546 illi
1597 524 1636 548 ac
1653 511 1888 563 plumbum),
1909 511 2092 550 Christum

1133 574 1250 603 autem
1267 569 1381 605 cernis
1394 569 1485 606 fame
1497 570 1708 618 confectum,
1724 586 1837 623 neque
1855 573 2094 611 necessarium

1131 624 1188 661 illi
1206 626 1413 677 suppeditas
1429 628 1663 667 alimentum?
1680 632 1754 669 Cur
1766 633 1863 680 item,
1881 633 1988 670 homo
2010 647 2094 671 cum

1132 685 1195 732 sis,
1214 700 1297 724 cum
1326 687 1532 727 hominibus
1561 691 1700 729 misceri
1727 692 1950 745 dedignaris,
1972 694 2034 732 sed
2054 695 2093 732 in

1133 746 1261 785 mediis
1277 748 1428 787 urbibus
1452 750 1682 790 solitudinem
1701 755 1844 804 quaeris,
1867 769 1930 793 nec
1964 756 2030 793 tibi
2055 756 2092 793 in

1134 818 1286 846 mentem
1307 810 1406 848 venit
1435 812 1629 850 Dominum
1650 823 1751 852 tuum
1777 829 1859 853 cum
1889 816 2095 868 publicanis

1132 871 1253 909 cibum
1286 873 1468 923 sumsisse,
1498 889 1578 913 cum
1610 877 1795 916 meretrice
1825 878 2091 929 colloquutum,

1131 946 1214 970 cum
1234 933 1431 972 latronibus
1458 937 1686 985 crucifixum,
1708 947 1741 976 et
1770 952 1852 976 cum
1883 938 2094 977 hominibus

1129 994 1238 1032 fuisse
1248 996 1562 1045 commixtum,sed
1575 999 1666 1037 fastu
1676 1013 1716 1037 ac
1726 1000 1892 1051 superbia
1906 1000 2089 1049 efferatus,

1130 1055 1323 1094 humanam
1342 1058 1455 1110 ipsam
1473 1068 1636 1097 naturam
1659 1061 1818 1098 amittis?
1832 1061 1924 1099 Hinc
1936 1076 2090 1114 magnus

1130 1115 1165 1153 in
1179 1116 1282 1154 nobis
1296 1117 1412 1155 oritur
1422 1118 1672 1157 misericordiae
1687 1129 1897 1168 contemtus,
1908 1121 1992 1159 hinc
2011 1137 2090 1161 ava-

1128 1176 1218 1214 ritiae
1236 1177 1411 1225 studium,
1433 1179 1517 1218 hinc
1536 1180 1742 1229 crudelitas,
1764 1190 1797 1219 et
1829 1182 2084 1221 inhumanitas.

1127 1240 1220 1277 Cum
1231 1240 1325 1277 enim
1337 1255 1482 1278 aureum
1500 1242 1640 1280 frenum
1653 1242 1919 1293 equo‘adhibes,
1931 1259 2013 1282 cum
2023 1259 2087 1282 au·

1087 531 1110 561 C

2185 1254 2288 1283 Luxus

39 1296 112 1348 ρῖας
145 1296 275 1343 ταύτης
307 1299 425 1350 σαυτῷ
459 1298 604 1349 περιθῇς
640 1295 794 1346 ἀνάγκας
807 1325 817 1344 ,
855 1295 1062 1347 βουλόμενος
1083 1299 1108 1329 D
1127 1314 1221 1338 ream
1234 1301 1369 1339 famulo
1384 1303 1577 1351 armillam,
1592 1312 1626 1341 et
1643 1318 1767 1341 aureas
1785 1304 1897 1356 lapidi
1910 1305 2082 1353 bracteas,
2099 1304 2290 1366 Conqu³⁰¹¹¹³

2163 1340 2267 1366 stanti-

38 1366 101 1413 Τὴν
130 1367 316 1419 ἀκόρεστον
347 1366 533 1417 ἐπιθυμίαν
561 1368 716 1418 πληροῦν
725 1396 735 1414 ,
763 1366 822 1404 καὶ
843 1367 992 1419 τροφὴν,
1010 1369 1061 1418 τῷ
1128 1375 1210 1398 cum
1238 1361 1348 1413 pelles
1370 1363 1466 1415 apud
1492 1372 1526 1402 te
1555 1374 1638 1403 sunt
1663 1379 1793 1413 aureae,
1814 1375 1928 1404 vestes
1944 1380 2212 1419 aureae,n0[.015,

38 1434 178 1473 πάντων
206 1435 378 1488 ὠμοτάτῳ
409 1435 516 1488 θηρίῳ
549 1435 737 1487 παρέχειν,
770 1438 814 1488 τῇ
849 1434 1062 1488 φιλαργυρίᾳ

36 1503 128 1555 λέγω
138 1519 147 1528 ·
163 1504 241 1543 τότε
257 1505 316 1544 καὶ
330 1504 496 1558 ὀρφανοὺς
511 1505 686 1551 ἀποδύεις,
698 1505 756 1543 καὶ
772 1506 885 1558 χήρας
897 1511 1058 1557 γυμνοῖς,

38 1573 96 1612 καὶ
114 1575 225 1619 κοινὸς
251 1575 419 1628 περιέρχῃ
448 1576 614 1628 πολέμιος
641 1576 772 1625 ἅπασι,
803 1576 951 1627 μάταιόν
981 1593 1060 1615 τινα

37 1644 220 1683 ἀνελίττων
233 1645 350 1691 πόνον,
366 1645 425 1684 καὶ
440 1646 566 1698 δρόμον
586 1645 683 1684 οὐδὲν
702 1645 828 1698 ἔχοντα
847 1646 956 1698 πέρας
971 1662 996 1699 χ
1000 1662 1061 1699 ρη-

35 1713 126 1753 στόν.
158 1714 204 1753 Τί
222 1715 288 1767 γάρ
321 1731 373 1754 σοι
405 1714 566 1768 βούλεται
594 1715 632 1754 τὸ
659 1715 718 1753 τὸν
744 1715 883 1762 οἰκέτην
912 1731 972 1754 σου
1001 1715 1059 1754 τὸν

36 1783 210 1837 βάρὸαρον
237 1791 484 1838 χρυσοφορεῖν,
505 1785 538 1823 τί
567 1784 607 1823 τὸ
627 1783 763 1836 κέρδος,
783 1784 835 1828 τίς
861 1787 883 1831 ἡ
908 1785 1060 1837 ὠφέλεια

33 1856 95 1901 τῆς
111 1856 246 1906 ψυχῆς;
264 1854 316 1897 τίς
331 1855 447 1901 ὄνησις
461 1853 640 1906 σώματος,
653 1853 737 1892 ποία
751 1853 919 1905 πρόσοδος
932 1853 1057 1902 οἷκίας;

33 1926 243 1964 Τοῦναντίον
272 1925 334 1976 μὲν
365 1926 476 1971 ἅπαν,
516 1926 658 1978 ἄκαιρος
694 1925 852 1971 δαπάνη,
888 1925 1059 1977 ἀνάλωμα

33 1995 174 2047 ἀλογίας
187 1994 306 2047 γέμον,
322 1996 503 2047 ἀσελγείας
520 1995 700 2042 ὑπόθεσις,
727 1996 968 2034 διδασκαλεῖον
990 2011 1055 2034 κα-

30 2064 127 2111 κίας,
144 2064 311 2117 βανούσου
333 2065 408 2117 βίου
433 2066 492 2104 καὶ
523 2066 738 2118 διαρρέοντος
758 2065 922 2118 ἀφορμὴ,
946 2065 1055 2119 φῡορὰ

30 2138 159 2188 ψυχῆς,
177 2136 252 2180 ὁδὸς
272 2136 329 2174 ἐπὶ
349 2136 457 2189 μυρία
476 2137 626 2190 φέρουσα
643 2137 746 2176 κακά.
767 2138 812 2174 Αἰ
831 2136 867 2174 δὲ
884 2139 998 2176 κλῖναι
1019 2139 1054 2174 αἱ

31 2204 286 2257 ἀργυρένδετοι,
307 2208 341 2244 αἱ
356 2206 613 2259 χρυσόπαστοι,
630 2207 688 2245 καὶ
714 2206 758 2245 τὰ
778 2206 972 2253 ὑποπόδια,
995 2207 1054 2245 καὶ

30 2275 61 2312 οἷ
79 2274 222 2323 λέῧητες
241 2278 271 2314 οἱ
290 2277 444 2315 ἐντεῦθεν
469 2277 804 2328 κατεσκευασμένοι,
826 2276 885 2315 καὶ
904 2279 922 2315 ὁ
945 2277 1053 2321 πολὺς

841 2345 894 2360 [Νι
995 2346 1003 2358 Ι

30 2343 150 2395 γέλως,
165 2344 198 2383 τί
216 2361 271 2384 σοι
288 2346 346 2384 τὸν
367 2346 440 2398 βίον
458 2348 609 2399 ὀρθῶσαι
627 2346 793 2396 δύναται,
815 2362 848 2384 τι
863 2361 898 2385 οε
919 2349 1053 2398 ἀμεινω

32 2427 69 2452 σε
88 2414 266 2463 ἐποίησεν,
285 2415 308 2462 ἢ
327 2415 390 2464 τὴν
411 2416 587 2465 σύνοικον,
608 2416 630 2463 ἢ
650 2417 755 2455 ἄλλον
776 2416 854 2455 τινὰ
871 2419 940 2455 τῶν
960 2416 1051 2456 κατὰ

29 2480 92 2528 τὴν
123 2482 254 2531 οἷκίαν;
287 2487 365 2524 Οὐκ
398 2488 552 2525 ἐντεῦθεν
581 2486 711 2538 λῃσταὶ
745 2486 803 2524 καὶ
833 2486 1050 2540 τοιχωρύχοι

31 2551 175 2602 πολλοί,
199 2556 260 2592 οὐκ
290 2556 443 2594 ἐντεῦθεν
467 2556 599 2595 οἰκέται
620 2557 908 2609 δραπετεύουσιν,
935 2557 1047 2596 “O-tow

0 2617 1 2675 J
30 2618 96 2672 γὰρ
120 2625 297 2674 πανταχοῦ
327 2623 509 2675 βλέποντες
529 2626 677 2679 ἄργυρον
712 2627 811 2665 ἴδωσι
839 2628 1047 2676 στίλῧοντα,

31 2688 191 2741 τρέφεται
209 2692 244 2728 ἐν
263 2693 376 2736 αὐτοῖς
394 2693 433 2732 τὸ
448 2693 584 2745 νόσημα
600 2698 662 2742 τῆς
688 2697 836 2742 κλοπ-ἧς.
861 2698 904 2735 lii
923 2697 990 2750 γάρ
1007 2715 1045 2737 σε

0 2770 4 2828 1
31 2755 87 2794 τὸν
106 2758 292 2811 ἐλεύθερον,
313 2760 370 2799 καὶ
388 2763 442 2800 ἐπ’
467 2763 619 2817 εὐγενείᾳ
639 2764 730 2817 μέγα
751 2770 964 2818 φρονοῦντα,
979 2767 1044 2820 οἴρ-

2 2872 5 2892 Ι
29 2841 128 2879 γυρος
147 2828 181 2866 ἐν
202 2829 310 2881 ἀγορᾷ
337 2830 484 2882 λάμπων
511 2833 695 2886 ἐφέλκεται
720 2836 807 2888 πρὸς
834 2836 898 2884 τὴν
927 2838 1044 2875 ε’πιΟυ-

2 2900 6 2925 ¹
30 2894 130 2944 μίαν,
157 2897 275 2951 πολλῷ
306 2900 436 2950 μᾶλλον
459 2900 517 2939 τὸν
543 2903 691 2951 οἰκέτην.
717 2905 786 2943 Καὶ
813 2909 923 2943 ταῦτα
950 2905 1043 2957 λέγω

29 2964 90 3002 οὐκ
121 2966 349 3006 ἀπαλλάττων
383 2971 612 3023 ἐγκλημάτων
644 2973 723 3017 τοὺς
759 2975 933 3026 δραπέτας
973 2979 1042 3012 τῶν

31 3033 187 3081 οἰκετῶν,
209 3037 360 3082 καὶτοὺς
386 3040 429 3079 τὰ
462 3046 602 3081 τοιαῦτα
630 3049 929 3098 κακουργοῦντας,
951 3047 1040 3084 ἀλλὰ

31 3107 204 3154 παραινῶν
223 3108 301 3159 ὑμῖν
328 3110 376 3160 μὴ
399 3114 625 3164 παρατιθέναι
649 3118 717 3153 τῶν
743 3116 907 3154 τοιούτων
934 3132 1039 3163 νοση-

29 3171 147 3221 μάτων
174 3176 286 3222 αὖτοῖς
312 3179 375 3227 τὴν
400 3182 542 3234 τροφήν.
572 3182 676 3223 Ἀλλὰ
706 3189 771 3224 ποῦ
807 3186 1038 3237 καταΟι-ἰμεῡα

8 3241 11 3252 ⁴
30 3249 132 3297 αὐτά;
153 3251 271 3303 φησίν·
291 3256 337 3298 εἷς
350 3259 413 3307 γῆν
433 3259 694 3311 κατορύξωμεν;
716 3262 865 3314 Ἄπαγε·
888 3265 963 3302 ἀλλ’
979 3295 987 3311 ,
1008 3268 1036 3304 εἰ

69 3395 79 3406 ·
103 3390 204 3425 savit.
223 3393 255 3426 iu
270 3397 415 3440 margine
430 3405 455 3432 τι
471 3402 499 3432 ὑὲ
516 3403 564 3434 οὐκ
579 3407 707 3445 ‹tyanam-

1127 1421 1293 1473 ciugulus
1311 1438 1454 1471 aureus,
1475 1425 1629 1476 itemque
1653 1427 1776 1474 calcei,
1790 1436 1994 1479 tantamque
2020 1428 2087 1466 tibi

1127 1482 1236 1534 hujus
1255 1484 1420 1535 nequitiae
1440 1487 1681 1525 necessitatem
1699 1488 1867 1541 imponis,
1881 1498 1921 1527 ut
1940 1490 2086 1528 insatia-

1125 1544 1236 1583 bilem
1253 1546 1486 1599 cupiditatem
1501 1549 1646 1602 explere
1659 1550 1865 1598 contendas,
1877 1560 1911 1589 et
1926 1552 2086 1590 omnium

1127 1607 1357 1646 saevissimam
1390 1609 1549 1648 belluam
1574 1625 1730 1663 pascere,
1751 1613 1937 1651 avaritiam
1969 1613 2051 1652 dico
2074 1630 2083 1652 :

1126 1676 1204 1706 tum
1237 1677 1271 1706 et
1299 1670 1478 1722 orphanos
1507 1671 1654 1724 spolias,
1676 1682 1709 1710 et
1742 1673 1870 1711 viduas
1901 1674 2032 1723 nudas,
2053 1684 2087 1714 et

1126 1731 1326 1770 communis
1343 1732 1502 1771 omnium
1534 1733 1644 1772 hostis
1679 1734 1828 1783 incedis,
1851 1749 2012 1787 vanoque
2031 1737 2086 1774 la-

1126 1792 1212 1830 bore
1229 1803 1392 1846 suscepto
1417 1809 1562 1833 cursum
1590 1796 1672 1843 inis,
1691 1798 1754 1847 qui
1777 1797 1878 1835 nullo
1902 1797 1995 1835 bono
2015 1798 2084 1836 fine

1126 1853 1327 1893 claudetur.
1350 1855 1448 1905 Quid
1468 1857 1564 1895 enim
1580 1857 1648 1896 boc
1675 1858 1744 1895 sibi
1764 1859 1856 1905 vult,
1878 1859 1975 1909 quod
1995 1860 2077 1898 har·
2096 1873 2178 1900 servi
2217 1872 2287 1899 lm-

2096 1914 2159 1942 bari
2201 1915 2284 1942 atthi-

2096 1956 2254 1984 bebautur.

1125 1914 1253 1952 barum
1284 1930 1426 1955 servum
1452 1927 1554 1956 tuum
1584 1933 1671 1957 auro
1699 1919 1993 1971 ex01·nas?quod
2026 1921 2081 1959 lu-

1125 1989 1242 2023 crum,
1264 1992 1342 2028 quae
1361 1979 1494 2017 utilitas
1512 1980 1638 2018 animae
1657 1981 1786 2027 oritur,
1808 1982 1903 2032 quod
1925 1997 2083 2021 commo-

1125 2036 1211 2075 dum
1244 2041 1401 2092 corpori,
1440 2041 1520 2091 quis
1549 2041 1671 2079 domui
1702 2042 1862 2081 reditus?
1892 2044 1968 2081 lmo
1998 2057 2084 2082 vero

1124 2099 1229 2151 plane
1248 2102 1479 2151 contrarium,
1500 2113 1638 2142 sumtus
1662 2104 1933 2157 intempestivus
1959 2105 2084 2143 alienae

1122 2176 1140 2198 a
1167 2162 1303 2200 ratione
1341 2164 1523 2216 impensae,
1559 2166 1704 2204 materia
1739 2166 1906 2214 luxuriae,
1937 2167 2083 2205 malitiae

1121 2221 1346 2270 documenta,
1366 2225 1525 2277 prodigae
1559 2240 1598 2263 ac
1625 2225 1808 2264 dissolutae
1824 2228 1905 2265 vitae
1927 2229 2079 2273 occasio,

1121 2283 1246 2321 animae
1267 2287 1483 2338 corruptela,
1506 2287 1576 2335 via,
1596 2302 1675 2339 qua:
1703 2287 1749 2326 ad
1783 2289 1967 2327 innumera
1988 2290 2082 2329 mala

1120 2343 1279 2384 deducit.
1300 2348 1396 2385 Lecti
1419 2362 1502 2386 vero
1534 2359 1678 2399 argento
1708 2350 1804 2394 nexi,
1822 2364 1981 2402 auroque
2009 2351 2082 2389 sul-

1120 2415 1252 2457 genteS,
1269 2408 1421 2446 scabella
1441 2418 1473 2446 et
1493 2409 1624 2447 lebetes
1643 2409 1726 2448 inde
1744 2412 1903 2455 conflati,
1922 2412 2080 2451 multus-

1119 2482 1187 2518 que
1211 2468 1318 2517 risus,
1340 2470 1429 2520 quid
1448 2470 1493 2509 ad
1511 2471 1791 2510 emendationem
1811 2474 1892 2511 vitae
1919 2475 2079 2512 conferre

1118 2530 1290 2581 possunt?
1307 2541 1368 2569 aut
1402 2532 1488 2582 quid
1509 2542 1540 2570 te
1556 2533 1730 2583 juverunt
1749 2543 1785 2571 ut
1814 2534 1938 2572 melior
1958 2536 2076 2581 lieres,

1058 2606 1106 2630 522
1119 2590 1175 2628 vel
1194 2593 1379 2644 conjugem
1398 2603 1508 2638 tuam,
1527 2594 1585 2631 vel
1606 2594 1717 2631 alium
1734 2595 1937 2646 ‹piempimn
1952 2596 2074 2634 dome·

1069 2644 1095 2672 Α
1117 2653 1314 2691 sticorum'?
1347 2655 1470 2692 Nonne
1507 2655 1589 2692 binc
1624 2656 1741 2705 potius
1773 2656 1881 2697 sures,
1900 2671 1940 2694 ae
1970 2658 2075 2695 multi

1115 2714 1291 2764 parietum
1326 2715 1567 2766 perfossores‘'
1593 2729 1706 2752 nonne
1740 2716 1821 2753 inde
1849 2717 1990 2767 fugitivi
2023 2719 2073 2755 tit-

1115 2774 1204 2812 muli
1226 2774 1342 2812 liunt?
1361 2776 1454 2813 Cum
1474 2777 1582 2819 enim,
1599 2791 1823 2827 ‹piot-umque
1848 2778 1970 2816 oculos
1990 2792 2074 2816 suos

1113 2846 1331 2882 convertant,
1352 2847 1536 2888 argentum
1566 2839 1700 2889 fulgere
1730 2839 1991 2890 conspexerint.
2014 2842 2071 2878 su..

1112 2898 1267 2935 racitatis
1287 2900 1322 2937 iu
1341 2898 1392 2936 eis
1412 2900 1557 2937 morbus
1577 2900 1699 2938 alitur.
1723 2900 1849 2938 Nauis-fi
1868 2910 1898 2937 te
1920 2901 2071 2939 liberum

1113 2959 1309 3005 bominem,
1331 2969 1362 2998 et
1384 2962 1444 3011 qui
1473 2971 1618 3014 propter
1640 2962 1858 2999 nobilitatem
1887 2963 2072 3011 magnifice

1111 3020 1156 3058 de
1175 3031 1206 3059 te
1226 3022 1346 3063 sentis,
1373 3022 1469 3073 quod
1494 3024 1527 3060 iu
1549 3023 1624 3060 soro
1655 3022 1802 3071 refulget
1822 3033 2005 3073 argentum
2025 3024 2070 3062 :ut

1111 3082 1343 3134 cupiditatem
1364 3084 1474 3121 attii-it
1499 3101 1505 3120 :
1531 3084 1642 3122 multo
1662 3085 1772 3133 tnagis
1791 3084 1979 3122 [tunulum.
2007 3090 2068 3123 :tt-

1111 3160 1181 3195 que
1213 3145 1286 3182 lime
1309 3160 1326 3182 .ἰ
1347 3160 1402 3182 me
1433 3159 1499 3182 non
1535 3145 1613 3183 ideo
1634 3145 1818 3186 ‹lit-untur,
1843 3156 1877 3183 ut
1899 3147 2070 3196 fugitivos

1110 3220 1231 3244 servos
1250 3206 1397 3243 crimine
1419 3206 1583 3247 liberem,
1605 3220 1733 3255 eosque
1753 3207 1812 3256 qui
1836 3207 1917 3243 tati..
1937 3207 2068 3245 ,seelera

1111 3276 1306 3320 perpetrent
1325 3283 1330 3304 :
1352 3267 1412 3304 sed
1437 3276 1472 3304 ut
1492 3281 1554 3304 vos
1583 3267 1746 3305 cohorter
1780 3281 1820 3304 ιιι·
1853 3269 1974 3307 tilium
1997 3269 2069 3306 illis
