2383 3751
734 130 972 162 Exposrrlo
1009 130 1050 159 IN
1090 129 1304 160 PSALMUM
1342 130 1437 159 vlu.

78 219 252 257 λεύσουσι.
271 218 361 270 Περὶ
380 217 415 255 δὲ
438 220 500 264 τῆς
525 214 768 267 αἰχμαλωσίας
795 213 924 259 ταύτης
948 213 1100 262 οὐδαμοῦ

80 287 193 318 κεῖται
222 280 367 331 χρόνος,
393 278 469 317 οὐδὲ
499 277 629 329 πέρας,
657 276 733 313 ἀλλ’
764 273 933 326 ”ἀ;ρεὶται
966 277 983 310 ὁ
1012 267 1103 317 οἶκος

80 343 177 391 ὑμῶν
197 340 336 392 ἔρημος,
352 339 410 378 καὶ
426 341 502 377 καθ’
531 336 681 383 ἑκάστην
698 335 833 388 ἡμέραν
852 334 910 372 ἐπὶ
930 334 969 373 τὸ
986 340 1103 387 χεῖρον

80 402 124 440 τὰ
142 401 294 453 ὑμέτερα
312 401 463 453 πρόεισι.

136 833 260 871 Ταῦτα
274 831 388 870 πάντα
409 832 498 883 μετὰ
528 831 705 884 ἀκριῧείας
725 831 1008 883 ἀναλογιζόμενοι
1024 836 1107 886 παρ’

85 895 231 941 ἑαυτοῖς,
248 893 307 931 καὶ
325 893 383 932 τὸν
399 893 501 945 λόγον
522 896 560 931 ἐκ
579 892 709 931 τούτων
735 892 967 937 πλατύνοντες
984 894 1109 941 (Δίδου

83 955 150 1007 γὰρ
171 958 266 1008 σοφῷ
281 957 453 1007 ἀφορμὴν,
470 954 529 993 καὶ
557 953 750 1007 σοφώτερος
769 953 905 1003 ἔσται),
926 954 989 1001 τὴν
1010 958 1110 993 ἀναι-

84 1016 250 1069 σχυντίαν
275 1019 387 1055 αὐτῶν
407 1016 466 1055 καὶ
485 1016 549 1063 τὴν
568 1015 817 1067 ἀγνωμοσύνην
836 1016 989 1069 ἐλέγχειν
1008 1017 1111 1063 δυνή-

86 1082 198 1118 σεσθε.
218 1078 304 1117 (Ότι
330 1079 461 1131 ὄψομαι
488 1078 566 1121 τοὺς
594 1077 757 1129 οὐρανοὺς
787 1077 871 1130 ἔργα
896 1082 965 1116 τῶν
985 1078 1111 1116 δακτύ-

85 1142 153 1178 λων
178 1155 252 1179 σου.
277 1139 420 1187 Ἄλλος,
449 1139 546 1190 (Ορῶ
565 1138 631 1190 γὰρ
651 1137 730 1182 τοὺς
757 1139 932 1190 οὐρανούς.
953 1139 1111 1186 Σελήνην

86 1201 146 1240 καὶ
165 1201 334 1253 ἀστέρας,
366 1201 388 1238 ἃ
415 1200 456 1238 σὺ
490 1199 732 1249 ἐθεμελί(·)σας.
753 1200 894 1246 Ἄλλος,
910 1207 925 1222 ⁰
938 1201 1110 1253 Ἥτοίμα-

87 1279 162 1306 σας.
181 1263 321 1309 Ἄλλος,
346 1261 543 1314 Ἥδρασας.
576 1261 715 1309 Εἰπὼν,
736 1261 788 1299 ὅτι
816 1262 1009 1306 κατέλυσας
1034 1263 1112 1306 τοὺς

88 1324 252 1377 ἐχθροὺς,
286 1323 345 1362 καὶ
372 1323 436 1371 τὴν
464 1323 640 1367 ἀπόδειξιν
671 1322 819 1375 παρέχει
854 1326 916 1369 τῆς
947 1326 1114 1377 λαμπρᾶς

88 1386 218 1433 ταύτης
235 1386 344 1432 νίκης.
364 1385 414 1424 Σὺ
442 1385 531 1437 γὰρ,
555 1385 678 1437 φησὶν,
695 1387 713 1422 ὁ
733 1384 959 1436 σταυρωθεὶς,
977 1388 994 1424 ὃ
1014 1387 1111 1423 ἀναι-

91 1449 214 1500 ρεθεὶς,
244 1447 415 1499 ἀνεφάνης
452 1449 514 1492 τῆς
550 1444 754 1495 οἰκουμένης
785 1447 1010 1498 δημιουργός.
1045 1447 1113 1485 Διὰ

88 1508 190 1546 τοῦτό
209 1524 293 1560 φησι
307 1523 314 1531 ·
334 1507 495 1560 ’Όψομαι
515 1507 592 1550 τοὺς
618 1505 782 1558 οὐρανούς
796 1523 803 1530 ·
828 1507 961 1554 δηλῶν,
980 1507 1033 1546 ὅτι
1051 1509 1113 1559 ἔμ-

87 1573 235 1621 προσθεν
266 1570 303 1607 οὐ
335 1567 458 1606 πολλοὶ
491 1571 592 1606 τοῦτο
623 1567 783 1619 ᾔδεισαν,
814 1568 956 1618 ὕστερον
996 1570 1114 1620 μέντοι

88 1632 214 1676 πάντες
229 1631 394 1670 εἴσονται.
413 1630 482 1670 Καὶ
497 1630 587 1674 τίνος
604 1629 718 1668 ἕνεκεν
734 1633 796 1670 οὐκ
813 1633 961 1678 ἐπῆλθεν
976 1632 1115 1672 ἅπαντα

88 1697 150 1741 τῆς
169 1693 373 1745 οἰκουμένης
401 1692 446 1731 τὰ
477 1692 582 1746 με’ρη;
613 1693 700 1731 <lOvi.
733 1693 778 1731 τὰ
805 1693 1016 1747 καιριώτερα
1046 1698 1115 1733 τῶν

616 1753 633 1773 ‘¹
647 1754 715 1791 ἔδει
734 1756 796 1800 τῆς
814 1754 894 1806 περὶ
913 1758 980 1793 τῶν
1002 1756 1116 1794 ἄλλων

90 1816 328 1858 διδασκαλίας.
365 1816 425 1857 Εἷς
455 1817 618 1853 τοσοῦτον
661 1815 773 1852 τοίνυν
808 1815 1049 1863 κατελύθησαν
1085 1818 1116 1855 οἱ

88 1754 272 1807 ὁρωμένων
300 1753 468 1800 ἐπελθὼν,
497 1753 593 1791 οὐδὲν

91 1876 222 1927 ἐχθροὶ,
243 1879 290 1919 ὡς
319 1875 377 1913 τὀν
407 1879 489 1927 παρ’
523 1877 636 1914 αὐτῶν
665 1876 894 1927 ἐλαυνόμενον
923 1877 982 1915 καὶ
1014 1880 1114 1916 ἀναι-

94 1936 234 1989 ρεθέντα
267 1939 484 1990 ἀναφανῆναι
521 1940 589 1974 τῶν
633 1937 818 1989 ὁρωμένων
857 1937 1019 1976 ἁπάντων
1052 1941 1114 1987 δη-

93 1998 270 2050 μιουργόν.
309 1998 378 2037 Καὶ
408 1998 499 2041 τίνος
531 1998 645 2036 ἕνεκεν
678 2001 740 2036 οὐκ
767 1993 862 2046 εἷπε,
891 2002 960 2038 τῶν
987 2004 1116 2053 χειρῶν

92 2076 173 2108 σου,
209 2059 317 2107 ἀλλὰ,
353 2061 434 2097 Τῶν
469 2059 648 2098 δακτύλων
689 2075 771 2109 σου;
810 2063 819 2074 '
845 2063 885 2107 ἧς
928 2062 1118 2114 ἐλαχίστης

93 2122 262 2174 ἐνεργείας
293 2121 391 2173 ἔργον
432 2119 564 2163 ’δεικνὺς
601 2120 646 2158 τὰ
674 2120 855 2172 ὁρώμενα,
890 2122 949 2160 καὶ
981 2123 1020 2160 τὸ
1050 2139 1118 2160 πα-

93 2182 231 2235 ράδοξον
257 2184 319 2228 τῆς
344 2180 590 2232 δημιουργίας,
619 2180 672 2219 ὅτι
699 2181 952 2232 κρεμασθέντες
978 2185 1041 2221 οὐκ
1060 2184 1117 2221 ἕκ-

91 2243 276 2282 πίπτουσιν
311 2245 341 2281 οἱ
373 2242 537 2295 ἀστέρες·
569 2242 683 2282 καίτοι
726 2260 765 2295 γε
813 2245 876 2282 οὐκ
921 2243 1009 2292 αὐτὴ
1046 2248 1117 2284 τῶν

91 2305 300 2356 θεμελίωνὴ
324 2304 442 2357 φύσις,
462 2304 533 2341 ἅνω
559 2308 777 2357 κρεμᾶσθαι,
797 2305 888 2344 ἀλλὰ
918 2306 1015 2344 κάτω
1043 2312 1115 2344 κεῖ-

92 2372 172 2406 σθαι
190 2367 359 2419 πέφυκεν·
388 2368 464 2404 ἀλλ’
498 2369 516 2404 ὃ
545 2366 795 2418 ἀριστοτέχνης
827 2367 1034 2419 δημιουργὸς
1059 2367 1117 2406 καὶ

92 2429 270 2482 παράδοξα
288 2431 409 2475 ποιῶν,
430 2429 465 2465 ἐν
481 2432 552 2471 τοῖς
575 2427 791 2480 φαινομένοις
807 2427 851 2466 τὰ
872 2427 1016 2466 πλείονα
1030 2428 1117 2481 ὑπὲρ

92 2490 226 2543 φύσεως
253 2489 457 2528 ἀκολουθίαν
486 2489 640 2537 ἐποίησε.
664 2489 732 2527 Καὶ
757 2490 813 2528 διὰ
839 2490 872 2528 τί
901 2491 1008 2540 μηδὲν
1037 2491 1118 2543 περὶ

93 2552 290 2603 ἀσωμάτων
318 2550 495 2601 δυνάμεων
515 2550 712 2601 διαλέγεται
726 2580 735 2597 ,
753 2551 812 2589 καὶ
832 2553 960 2589 ἐκεῖθεν
982 2551 1118 2590 δείκνυ-

94 2630 147 2652 σιν
174 2617 276 2652 αὐτοῦ
296 2612 360 2659 τὴν
381 2612 626 2664 δημιουργίαν,
646 2612 733 2651 “Ort
752 2613 837 2657 τέως
863 2613 902 2652 τὸ
927 2614 1118 2658 σπουδαζό-

94 2692 195 2727 μενον
218 2679 316 2713 τοῧτο
335 2670 389 2722 ἦν,
409 2674 488 2725 περὶ
507 2677 575 2712 τῶν
596 2675 811 2727 φαινομένων
829 2676 952 2719 αὐτοὺς
979 2680 1114 2727 μαθεῖν.

95 2737 162 2776 Διὰ
178 2741 280 2776 τοῦτο
307 2737 366 2774 καὶ
390 2739 408 2774 ὁ
437 2735 562 2788 Πατὴρ
590 2738 693 2775 αὐτοῦ
721 2737 792 2774 ἅνω
821 2737 879 2775 καὶ
911 2738 1007 2775 κάτω
1027 2738 1117 2777 Ἰου-

96 2799 201 2843 δαίοις
234 2799 496 2851 διαλεγόμενος,
535 2800 572 2835 οὗ
592 2797 707 2849 λέγει·
737 2797 806 2849 ἐγὼ
843 2798 921 2842 τοὺς
952 2800 1118 2851 ἀγγέλους

96 2861 263 2907 ἐποίησα,
284 2860 342 2898 καὶ
369 2860 412 2897 τὰ
442 2858 639 2912 Χερουὸίμ·
666 2861 762 2904 ἀλλ’,
783 2859 878 2911 Ἐγὼ
897 2860 954 2898 τὸν
974 2862 1117 2913 οὐρανὸν

95 2922 246 2966 ἐξέτεινα
260 2938 267 2946 ·
286 2925 307 2968 ἡ
324 2922 401 2974 χείρ
422 2937 485 2972 μου
502 2920 710 2971 ἐθεμελίωσε
731 2921 794 2967 τὴν
810 2923 887 2972 γῆν,
905 2925 926 2967 ἡ
943 2922 1035 2966 δεξιά
1053 2939 1117 2973 μου

95 2984 303 3037 ἐστερέωσε·
324 2984 381 3021 καὶ
398 2983 512 3021 πάντα
529 2983 582 3020 ἀεὶ
600 2982 658 3020 τὸν
686 2983 785 3034 λόγον
807 2985 842 3020 ἐν
861 2989 931 3026 τοῖς
950 2985 1117 3036 φαινομέ-

96 3062 164 3090 νοις
184 3046 386 3094 ἀναλίσκει,
416 3047 501 3098 πρὸς
530 3046 592 3093 τὴν
622 3045 797 3096 σωτηρίαν
826 3049 894 3083 τῶν
923 3047 1118 3086 ἀκουόντων

97 3108 235 3145 ἅπαντα
256 3107 600 3159 πραγματευόμενος.
621 3107 818 3158 ΙΙαχύτεροι
841 3106 907 3158 γὰρ
927 3108 1033 3154 ὄντες,
1054 3110 1123 3146 ἀπὸ

98 3171 167 3206 τῶν
192 3167 407 3220 φαινομένων
425 3169 557 3218 μᾶλλον
579 3167 762 3218 ἐνήγοντο,
789 3167 810 3213 ἢ
841 3168 909 3205 α’πὸ
929 3170 997 3206 τῶν
1018 3169 1122 3220 ἀορά-

145 3292 160 3314 ¹>
187 3291 278 3321 llum
296 3296 411 3337 ἀρὶιται
428 3294 494 3334 ulum
511 3296 525 3324 ὸ
542 3296 626 3327 οἶκος.

146 3354 155 3366 ··
182 3344 220 3375 lu
240 3342 327 3375 Edit,
354 3343 454 3377 smil.
475 3343 516 3375 ud
550 3350 711 3383 ᾐτοῐμιπις
740 3349 873 3374 not-ntur
902 3343 937 3373 (ἱ,
966 3353 1037 3382 ‹pua-
1062 3349 1105 3371 eu

2041 118 2124 161 103

1178 220 1232 250 tae.
1254 211 1359 250 Nunc
1376 219 1495 250 autem
1516 211 1685 249 dixerunt
1707 210 1851 262 quidem
1875 212 2127 263 captivitatem,

1177 271 1240 309 sed
1258 285 1327 309 non
1347 271 1502 309 reditum
1522 286 1530 308 ι
1550 271 1630 309 licet
1661 271 1754 309 bona
1781 270 1965 323 suppliciis
1989 272 2130 309 assidue

1178 331 1409 381 admisceant,
1432 341 1465 371 et
1484 341 1641 385 tempora
1671 331 1854 370 definiant.
1877 331 2018 369 Etenim
2038 334 2132 371 Jere-
2145 345 2264 383 sen-29.
2283 354 2328 373 m.

1179 394 1269 432 mias
1281 394 1446 433 definivit
1465 394 1684 447 septuaginta
1702 408 1823 443 annos,
1838 402 1870 431 et
1889 393 2016 431 Daniel
2032 392 2129 430 simi·
2145 408 2226 435 Dan.
2244 410 2329 445 9-23·

1180 454 1262 493 liter
1286 464 1356 494 tres
1374 469 1482 494 annos
1494 465 1527 494 et
1548 455 1741 493 dimidium
1748 471 1758 504 ;
1780 454 1865 506 quin
1885 453 1988 492 etiam
2002 453 2130 506 praedi·
2144 458 2205 486 sqq.

1182 525 1281 555 ctum
1299 526 1352 555 est
1372 531 1429 556 eos
1446 516 1715 569 quadringentis
1738 526 1770 555 et
1793 516 1940 568 triginta
1964 516 2064 553 annis
2095 515 2132 552 in
2149 531 2332 561 Gen.15.13‚

1183 577 1342 632 AEgypto
1354 579 1557 618 servituros.
1566 579 1683 631 Hujus
1697 588 1813 617 autem
1827 577 2042 630 captivitatis
2053 591 2134 614 nus-

1185 655 1293 694 quam
1307 641 1419 680 situm
1439 650 1492 680 est
1505 650 1659 694 tempus,
1680 655 1743 679 nec
1755 640 1850 689 finis,
1865 639 1926 678 sed
1947 639 2067 678 relicta
2084 648 2135 677 est

1185 711 1301 740 vestra
1325 701 1454 741 domus
1481 702 1630 752 deserta,
1650 711 1683 740 et
1706 701 1863 753 quotidie
1882 715 1936 739 res
1954 710 2078 738 vestrae
2100 700 2134 738 in
2148 715 2262 744 arnul..
2284 714 2334 744 23.

1184 763 1339 802 deterius
1357 763 1562 817 procedunt.
2150 756 2199 786 38.

1238 828 1275 865 6.
1306 826 1390 864 Haec
1402 825 1521 864 omnia
1535 834 1665 863 attente
1679 823 1776 878 apud
1786 838 1850 864 vos
1866 823 2136 873 considerantes,

1185 896 1219 925 et
1236 902 1314 938 quae
1328 887 1484 926 breviter
1495 886 1590 925 dicta
1607 895 1688 925 sunt
1705 886 1819 925 fusius
1837 894 2025 924 tractantes
2045 890 2057 933 (
2072 887 2139 923 Da
2152 900 2245 927 prm..
2260 907 2290 936 9.
2305 906 2336 935 9.

1186 949 1281 987 enim
1294 951 1462 1001 sapienti
1480 951 1781 996 occasionem‚ec
1800 953 1871 985 erit
1887 950 2135 998 sapientior),

1187 1011 1333 1049 illorum
1352 1009 1609 1063 impudentiam
1631 1009 1880 1061 ingratumque
1898 1008 2058 1046 animum
2076 1023 2138 1061 po-

1186 1073 1298 1111 teritis
1335 1073 1501 1111 refellere.
1527 1075 1567 1111 4.
1608 1074 1804 1126 Quoniam
1842 1072 1984 1109 videbo
2026 1072 2139 1110 caelos

1152 1163 1155 1165 -
1189 1143 1273 1173 tuos
1305 1148 1422 1186 opera
1460 1137 1668 1186 digitorum
1710 1141 1874 1171 tuorum.
1913 1133 2035 1179 Alius,
2072 1133 2140 1169 V'-

1187 1197 1257 1234 deo
1285 1198 1387 1233 enim
1417 1196 1545 1233 coelos.
1568 1197 1721 1232 Lunam
1753 1204 1786 1231 et
1819 1195 1968 1240 stellas,
1987 1209 2073 1245 quse
2100 1204 2140 1231 tu

1177 1258 1382 1309 fundasti.
1416 1255 1542 1302 Alius,
1572 1256 1744 1293 Parasti.
1780 1255 1893 1303 Alius,
1918 1255 2136 1292 Stabiliisu'.
2154 1268 2318 1297 „st-mamch.

1190 1315 1282 1354 Cum
1305 1315 1468 1364 dixisset,
1493 1314 1713 1353 Destruxisti
1757 1314 1931 1363 inimicos,
1949 1314 2141 1366 splendidae
2155 1300 2331 1336 ³³¹¹⁰⁰¹¹⁰¹³¹⁸

1187 1376 1297 1430 hujus
1322 1376 1479 1415 victoriae
1511 1377 1614 1414 affert
1641 1375 1897 1429 probationem.
1931 1376 1991 1414 Tu
2028 1377 2142 1423 enim,

1190 1439 1318 1491 inquit,
1341 1438 1402 1491 qui
1425 1438 1621 1477 crucifixus
1640 1452 1688 1486 es,
1705 1437 1765 1489 qui
1788 1436 1833 1476 de
1846 1436 1964 1476 medio
1983 1438 2144 1476 sublatus

1190 1514 1238 1550 es,
1248 1499 1446 1553 apparuisti
1466 1498 1562 1537 orbis
1593 1508 1769 1536 terrarum
1783 1499 1927 1537 Creator
1949 1509 1982 1538 et
2001 1500 2142 1552 Opifex.

1190 1562 1379 1616 Propterea
1395 1561 1483 1599 dicit
1501 1577 1509 1597 :
1527 1562 1674 1599 Videho
1721 1561 1834 1598 coelos
1859 1570 1942 1598 tuos
1969 1577 1980 1597 .-
2007 1561 2145 1612 signifi-

1191 1637 1273 1662 cans
1299 1623 1432 1662 multos
1458 1636 1528 1660 non
1557 1630 1659 1660 antea
1687 1621 1905 1672 cognovisse,
1922 1632 2041 1675 postea
2067 1623 2147 1674 qni-

1189 1684 1271 1723 dem
1285 1694 1378 1723 certe
1409 1698 1530 1723 omnes
1557 1683 1680 1721 scient.
1707 1683 1755 1721 Et
1780 1697 1844 1721 cur
1869 1698 1937 1721 non
1965 1684 2147 1723 universas

1189 1746 1286 1784 orbis
1299 1755 1399 1784 terra:
1415 1755 1531 1798 partes
1551 1754 1787 1797 persequutus
1806 1744 1881 1782 est?
1896 1744 2002 1791 Quod
2024 1759 2146 1783 eorum

1189 1822 1267 1858 qnae
1298 1807 1513 1846 videbantur
1539 1806 1793 1859 opportuniora
1823 1816 2073 1858 persequutus,
2103 1807 2147 1845 de

1189 1869 1269 1906 aliis
1298 1868 1424 1906 docere
1450 1868 1597 1905 minime
1623 1881 1712 1919 opus
1742 1867 1918 1905 habuerit.
1941 1868 2037 1906 Adeo
2063 1883 2146 1919 ergo

1189 1929 1358 1968 destructi
1374 1939 1457 1967 sunt
1474 1928 1624 1976 inimici,
1637 1937 1674 1965 ut
1690 1927 1750 1979 qui
1770 1928 1815 1965 ab
1829 1928 1876 1966 eis
1890 1930 2144 1981 expellebatur,

1189 2001 1223 2030 et
1254 1991 1301 2029 ab
1325 1991 1374 2029 eis
1392 1990 1437 2028 de
1460 1990 1577 2028 medio
1603 1990 1764 2027 sublatus
1789 1999 1857 2034 est,
1879 1991 2039 2029 omnium
2067 2007 2146 2043 quw

1189 2052 1404 2092 videbantur
1432 2050 1637 2104 apparuerit
1669 2051 1812 2103 Opifex.
1847 2051 1891 2088 Et
1933 2067 2041 2102 quare
2077 2068 2145 2091 non

1188 2113 1298 2163 dicit,
1327 2115 1505 2151 Mannum
1539 2120 1695 2157 tuarum,
1720 2111 1794 2157 sed,
1817 2114 2032 2164 Digitorum
2063 2124 2145 2153 tuo-

1190 2179 1306 2214 rum?
1329 2173 1490 2212 Minima}
1524 2172 1737 2226 operationis
1771 2187 1860 2226 opus
1891 2174 2076 2213 ostendens
2107 2191 2146 2214 ea

1190 2251 1270 2288 quae
1293 2235 1479 2283 videntur,
1512 2243 1544 2272 et
1570 2233 1781 2272 admirabile
1816 2234 2019 2287 opificium,
2050 2238 2147 2287 quod

1191 2313 1368 2352 suspensae
1395 2296 1506 2336 stellae
1540 2310 1609 2335 non
1637 2295 1789 2334 cadant:
1811 2297 1874 2334 etsi
1907 2307 2031 2335 natura
2067 2300 2146 2336 t'nn—

1191 2360 1441 2399 damentorum
1477 2358 1614 2409 exigat,
1643 2366 1681 2395 ut
1713 2358 1862 2402 inferne,
1895 2373 1964 2397 non
1999 2374 2147 2412 superne.

1188 2422 1369 2475 jaciantur
1386 2419 1469 2458 :scd
1495 2419 1653 2472 optimus
1675 2419 1898 2471 Artifex‚qni
1926 2422 2005 2459 facit
2032 2422 2146 2461 adini-

1193 2483 1332 2532 rabilia,
1349 2482 1384 2520 in
1410 2481 1467 2519 his
1501 2495 1581 2531 qna*
1606 2490 1775 2532 apparent
1803 2482 1905 2533 plura
1937 2483 2014 2520 feeit
2040 2498 2145 2536 snpra

1193 2554 1328 2583 naturae
1354 2541 1651 2593 consequentiam.
1671 2541 1716 2578 Et
1745 2556 1854 2592 quare
1879 2543 1967 2580 nihil
1998 2543 2082 2581 dicit
2103 2545 2146 2582 de

1145 2620 1168 2649 n
1195 2605 1426 2659 potestatibus
1450 2603 1676 2655 incorporei&
1699 2611 1733 2640 nt
1760 2603 1839 2640 inde
1866 2619 2007 2655 qnoque
2032 2615 2145 2643 osten—

1193 2668 1253 2706 dat
1275 2668 1351 2719 ejus
1367 2664 1601 2703 creationem?
1616 2663 1719 2710 Quod
1733 2664 1898 2701 niiniruin
1921 2665 1985 2702 line
2006 2666 2144 2704 interim

1193 2730 1223 2767 ei
1241 2729 1276 2767 in
1294 2727 1474 2781 proposito
1489 2725 1605 2769 fucrit,
1620 2735 1655 2762 ut
1672 2725 1736 2776 ipsi
1757 2724 1926 2762 discerent
1942 2725 1987 2763 de
2008 2727 2049 2763 iis
2068 2743 2145 2777 qua·

1194 2790 1423 2844 apparebant.
1458 2788 1504 2826 Et
1542 2797 1723 2840 propterea
1762 2788 1836 2837 ejus
1867 2802 2007 2838 qnoque
2047 2790 2147 2827 Pater

1195 2867 1276 2891 enin
1298 2865 1429 2901 susque
1453 2850 1567 2900 deque
1586 2863 1666 2885 enin
1689 2847 1822 2886 duda-is
1850 2849 2062 2899 lmpwretur.
2079 2866 2145 2888 nun

1193 2915 1279 2953 dicit
1309 2930 1316 2951 :

1196 2979 1280 3028 Ego
1295 2973 1597 3013 casluinemendi
1618 2986 1626 3006 .·
1650 2985 1782 3007 manus
1804 2987 1884 3008 mm
1903 2977 2144 3025 terram-fuu-
2167 2988 2223 3014 ΙΝ,
2250 2990 2280 3024 3>-
2303 2988 2329 3015 A‚z

1346 2912 1424 2964 Ego
1465 2911 1528 2948 seri
1573 2910 1714 2959 angelos
1760 2918 1791 2946 et
1825 2910 2037 2954 Cherubim:
2073 2913 2145 2954 scd.

1193 3038 1470 3079 ‹11wit.‹le.1·tra
1489 3047 1569 3070 meu
1590 3033 1757 3077 sirium-i!
1775 3046 1783 3064 -·
1803 3041 1832 3068 et
1850 3047 1988 3070 mnnein
2012 3050 2147 3086 semper

1195 3102 1389 3140 orationi-in
1415 3097 1588 3135 consumit
1621 3096 1653 3132 in
1674 3095 1714 3132 iis·
1732 3111 1808 3146 qna·
1829 3109 2009 3148 apparent,
2031 3102 2146 3136 munia

1198 3182 1303 3220 agens
1320 3166 1363 3204 ad
1392 3166 1540 3203 salutent
1570 3161 1784 3199 andum-mn.
1805 3164 1894 3199 (iuni
1920 3165 2010 3201 enirn
2041 3178 2148 3203 essent

1141 3289 1179 3331 S)
1193 3285 1335 3317 mulmis!
1352 3292 1429 3315 nolu
1443 3292 1472 3314 1¹!
1491 3283 1531 3313 ml
1554 3286 1602 3327 3:¹8²
1617 3299 1643 3315 η
1658 3300 1679 3320 ν,-
1696 3296 1731 3314 e).
1750 3296 1813 3324 «1¹¹³
1833 3292 1878 3313 cxl
1897 3283 2138 3316 Ἰ“Ιιι·ιιιῖυίί,ιιιι,.

1188 3340 1202 3363 ·1
1231 3339 1322 3369 l'nus
1339 3340 1440 3369 aestro.
