<?xml version="1.0" encoding="UTF-8"?>
<!DOCTYPE html PUBLIC "-//W3C//DTD XHTML 1.0 Transitional//EN"
    "http://www.w3.org/TR/xhtml1/DTD/xhtml1-transitional.dtd">
<html xmlns="http://www.w3.org/1999/xhtml" xml:lang="en" lang="en">
 <head>
  <title>
</title>
<meta http-equiv="Content-Type" content="text/html;charset=utf-8" />
  <meta name='ocr-system' content='tesseract 3.04.00' />
  <meta name='ocr-capabilities' content='ocr_page ocr_carea ocr_par ocr_line ocrx_word'/>
</head>
<body>
  <div class='ocr_page' id='page_1' title='image "./operaomniaquaeex05johnuoft/operaomniaquaeex05johnuoft_0131.png"; bbox 0 0 2383 3751; ppageno 0'>
   <div class='ocr_carea' id='block_1_1' title="bbox 731 127 1435 159">
    <p class='ocr_par' dir='ltr' id='par_1_1' title="bbox 731 127 1435 159">
     <span class='ocr_line' id='line_1_1' title="bbox 731 127 1435 159; baseline -0.006 0"><span class='ocrx_word' id='word_1_1' title='bbox 731 129 968 159; x_wconf 73' lang='lat' dir='ltr'>Expost&#39;rio</span> <span class='ocrx_word' id='word_1_2' title='bbox 1010 129 1051 158; x_wconf 79' lang='grc' dir='ltr'>ΙΝ</span> <span class='ocrx_word' id='word_1_3' title='bbox 1093 127 1298 158; x_wconf 70' lang='lat' dir='ltr'>PSALMUN</span> <span class='ocrx_word' id='word_1_4' title='bbox 1341 127 1435 156; x_wconf 71' lang='lat' dir='ltr'>vlit.</span> 
     </span>
    </p>
   </div>
   <div class='ocr_carea' id='block_1_2' title="bbox 72 211 1107 3150">
    <p class='ocr_par' dir='ltr' id='par_1_2' title="bbox 72 211 1107 3150">
     <span class='ocr_line' id='line_1_2' title="bbox 79 211 1105 268; baseline -0.006 -13"><span class='ocrx_word' id='word_1_5' title='bbox 79 216 220 268; x_wconf 70' lang='grc' dir='ltr'>ὕστερον</span> <span class='ocrx_word' id='word_1_6' title='bbox 240 216 273 254; x_wconf 80' lang='grc' dir='ltr'>δὲ</span> <span class='ocrx_word' id='word_1_7' title='bbox 295 215 408 262; x_wconf 87' lang='grc' dir='ltr'>πόλιν,</span> <span class='ocrx_word' id='word_1_8' title='bbox 430 213 488 252; x_wconf 86' lang='grc' dir='ltr'>καὶ</span> <span class='ocrx_word' id='word_1_9' title='bbox 513 214 617 265; x_wconf 82' lang='grc' dir='ltr'>μέρος</span> <span class='ocrx_word' id='word_1_10' title='bbox 637 214 733 251; x_wconf 81' lang='grc' dir='ltr'>οὐδέν</span> <span class='ocrx_word' id='word_1_11' title='bbox 758 215 833 251; x_wconf 82' lang='grc' dir='ltr'>ἐστι</span> <span class='ocrx_word' id='word_1_12' title='bbox 855 216 918 260; x_wconf 79' lang='grc' dir='ltr'>τῆς</span> <span class='ocrx_word' id='word_1_13' title='bbox 946 211 1105 262; x_wconf 82' lang='grc' dir='ltr'>οἰκουμέ-</span> 
     </span>
     <span class='ocr_line' id='line_1_3' title="bbox 80 272 1105 327; baseline -0.004 -14"><span class='ocrx_word' id='word_1_14' title='bbox 80 292 140 322; x_wconf 88' lang='grc' dir='ltr'>νης</span> <span class='ocrx_word' id='word_1_15' title='bbox 163 280 233 315; x_wconf 83' lang='grc' dir='ltr'>τῶν</span> <span class='ocrx_word' id='word_1_16' title='bbox 254 278 455 315; x_wconf 77' lang='grc' dir='ltr'>Ἰουδαϊκῶν</span> <span class='ocrx_word' id='word_1_17' title='bbox 484 274 626 326; x_wconf 82' lang='grc' dir='ltr'>ἄπειρον</span> <span class='ocrx_word' id='word_1_18' title='bbox 653 277 841 327; x_wconf 67' lang='grc' dir='ltr'>συμφορῶν</span> <span class='ocrx_word' id='word_1_19' title='bbox 856 290 863 297; x_wconf 94' lang='grc'><strong><em>·</em></strong></span> <span class='ocrx_word' id='word_1_20' title='bbox 885 275 962 312; x_wconf 90' lang='grc' dir='ltr'>ἀλλ’</span> <span class='ocrx_word' id='word_1_21' title='bbox 985 272 1105 323; x_wconf 79' lang='grc' dir='ltr'>ὥσπερ</span> 
     </span>
     <span class='ocr_line' id='line_1_4' title="bbox 80 335 1104 389; baseline -0.004 -15"><span class='ocrx_word' id='word_1_22' title='bbox 80 339 183 387; x_wconf 78' lang='grc' dir='ltr'>σῶμα</span> <span class='ocrx_word' id='word_1_23' title='bbox 201 338 392 389; x_wconf 75' lang='grc' dir='ltr'>ἀνάπηρον,</span> <span class='ocrx_word' id='word_1_24' title='bbox 412 340 592 387; x_wconf 74' lang='grc' dir='ltr'>πανταχοῦ</span> <span class='ocrx_word' id='word_1_25' title='bbox 614 335 830 382; x_wconf 79' lang='grc' dir='ltr'>διαδέδοται,</span> <span class='ocrx_word' id='word_1_26' title='bbox 855 335 899 373; x_wconf 80' lang='grc' dir='ltr'>τὰ</span> <span class='ocrx_word' id='word_1_27' title='bbox 919 335 1104 387; x_wconf 87' lang='grc' dir='ltr'>τραύματα</span> 
     </span>
     <span class='ocr_line' id='line_1_5' title="bbox 79 395 1104 449; baseline -0.003 -14"><span class='ocrx_word' id='word_1_28' title='bbox 79 398 360 449; x_wconf 77' lang='grc' dir='ltr'>ἐπιδεικνύμενον</span> <span class='ocrx_word' id='word_1_29' title='bbox 373 413 380 421; x_wconf 88' lang='grc'><em>·</em></span> <span class='ocrx_word' id='word_1_30' title='bbox 397 397 456 435; x_wconf 81' lang='grc' dir='ltr'>καὶ</span> <span class='ocrx_word' id='word_1_31' title='bbox 475 396 633 449; x_wconf 78' lang='grc' dir='ltr'>καθάπερ</span> <span class='ocrx_word' id='word_1_32' title='bbox 648 400 678 435; x_wconf 77' lang='grc' dir='ltr'>οἱ</span> <span class='ocrx_word' id='word_1_33' title='bbox 695 397 856 434; x_wconf 81' lang='grc' dir='ltr'>δικασταὶ</span> <span class='ocrx_word' id='word_1_34' title='bbox 873 395 1022 439; x_wconf 73' lang='grc' dir='ltr'>πολλοὺς</span> <span class='ocrx_word' id='word_1_35' title='bbox 1034 397 1104 432; x_wconf 77' lang='grc' dir='ltr'>τῶν</span> 
     </span>
     <span class='ocr_line' id='line_1_6' title="bbox 79 457 1104 512; baseline -0.002 -16"><span class='ocrx_word' id='word_1_36' title='bbox 79 460 293 512; x_wconf 72' lang='grc' dir='ltr'>ἀνδροφόνων</span> <span class='ocrx_word' id='word_1_37' title='bbox 314 458 452 496; x_wconf 75' lang='grc' dir='ltr'>ἐπειδὰν</span> <span class='ocrx_word' id='word_1_38' title='bbox 473 457 653 505; x_wconf 80' lang='grc' dir='ltr'>ἀνέλωσιν,</span> <span class='ocrx_word' id='word_1_39' title='bbox 675 458 734 496; x_wconf 76' lang='grc' dir='ltr'>ἕνα</span> <span class='ocrx_word' id='word_1_40' title='bbox 761 457 1104 502; x_wconf 85' lang='grc' dir='ltr'>ἀνασκολοπίζουσιν,</span> 
     </span>
     <span class='ocr_line' id='line_1_7' title="bbox 78 518 1104 571; baseline -0.001 -14"><span class='ocrx_word' id='word_1_41' title='bbox 78 519 135 557; x_wconf 80' lang='grc' dir='ltr'>ἵνα</span> <span class='ocrx_word' id='word_1_42' title='bbox 151 520 209 558; x_wconf 83' lang='grc' dir='ltr'>καὶ</span> <span class='ocrx_word' id='word_1_43' title='bbox 225 519 507 566; x_wconf 81' lang='grc' dir='ltr'>τελευτησάντων</span> <span class='ocrx_word' id='word_1_44' title='bbox 526 521 655 566; x_wconf 80' lang='grc' dir='ltr'>αὐτῶν,</span> <span class='ocrx_word' id='word_1_45' title='bbox 684 519 802 571; x_wconf 79' lang='grc' dir='ltr'>ὥσπερ</span> <span class='ocrx_word' id='word_1_46' title='bbox 819 518 943 557; x_wconf 85' lang='grc' dir='ltr'>νεωστὶ</span> <span class='ocrx_word' id='word_1_47' title='bbox 959 533 1104 569; x_wconf 82' lang='grc' dir='ltr'>γεγενη-</span> 
     </span>
     <span class='ocr_line' id='line_1_8' title="bbox 79 578 1104 631; baseline -0.003 -13"><span class='ocrx_word' id='word_1_48' title='bbox 79 580 182 631; x_wconf 82' lang='grc' dir='ltr'>μένον</span> <span class='ocrx_word' id='word_1_49' title='bbox 201 580 240 618; x_wconf 85' lang='grc' dir='ltr'>τὸ</span> <span class='ocrx_word' id='word_1_50' title='bbox 262 579 370 623; x_wconf 88' lang='grc' dir='ltr'>πάθος</span> <span class='ocrx_word' id='word_1_51' title='bbox 389 579 582 631; x_wconf 73' lang='grc' dir='ltr'>σωφρονίζῃ</span> <span class='ocrx_word' id='word_1_52' title='bbox 601 579 678 623; x_wconf 75' lang='grc' dir='ltr'>τοὺς</span> <span class='ocrx_word' id='word_1_53' title='bbox 702 583 832 624; x_wconf 74' lang='grc' dir='ltr'>ζῶντας</span> <span class='ocrx_word' id='word_1_54' title='bbox 845 596 852 604; x_wconf 90' lang='grc'><em>·</em></span> <span class='ocrx_word' id='word_1_55' title='bbox 874 579 963 618; x_wconf 79' lang='grc' dir='ltr'>οὕτω</span> <span class='ocrx_word' id='word_1_56' title='bbox 982 578 1023 625; x_wconf 85' lang='grc' dir='ltr'>δὴ</span> <span class='ocrx_word' id='word_1_57' title='bbox 1046 578 1104 616; x_wconf 82' lang='grc' dir='ltr'>καὶ</span> 
     </span>
     <span class='ocr_line' id='line_1_9' title="bbox 77 641 1105 693; baseline -0.002 -14"><span class='ocrx_word' id='word_1_58' title='bbox 77 643 224 679; x_wconf 84' lang='grc' dir='ltr'>ἐνταῦθα</span> <span class='ocrx_word' id='word_1_59' title='bbox 240 643 277 679; x_wconf 83' lang='grc' dir='ltr'>οὐ</span> <span class='ocrx_word' id='word_1_60' title='bbox 299 641 597 687; x_wconf 75' lang='grc' dir='ltr'>τελευτήσαντας,</span> <span class='ocrx_word' id='word_1_61' title='bbox 619 641 709 679; x_wconf 80' lang='grc' dir='ltr'>ἀλλὰ</span> <span class='ocrx_word' id='word_1_62' title='bbox 730 643 860 685; x_wconf 80' lang='grc' dir='ltr'>ζῶντας</span> <span class='ocrx_word' id='word_1_63' title='bbox 878 641 1105 693; x_wconf 87' lang='grc' dir='ltr'>παράδειγμα</span> 
     </span>
     <span class='ocr_line' id='line_1_10' title="bbox 76 701 1104 754; baseline -0.003 -12"><span class='ocrx_word' id='word_1_64' title='bbox 76 711 183 742; x_wconf 79' lang='grc' dir='ltr'>πᾶσιν</span> <span class='ocrx_word' id='word_1_65' title='bbox 207 703 352 750; x_wconf 83' lang='grc' dir='ltr'>ἐποίησε</span> <span class='ocrx_word' id='word_1_66' title='bbox 367 732 376 748; x_wconf 86' lang='grc'>,</span> <span class='ocrx_word' id='word_1_67' title='bbox 398 703 602 754; x_wconf 76' lang='grc' dir='ltr'>διασπείρας</span> <span class='ocrx_word' id='word_1_68' title='bbox 632 703 773 746; x_wconf 78' lang='grc' dir='ltr'>αὐτούς·</span> <span class='ocrx_word' id='word_1_69' title='bbox 797 704 857 742; x_wconf 80' lang='grc' dir='ltr'>καὶ</span> <span class='ocrx_word' id='word_1_70' title='bbox 883 705 913 740; x_wconf 85' lang='grc' dir='ltr'>οἱ</span> <span class='ocrx_word' id='word_1_71' title='bbox 940 701 1021 753; x_wconf 88' lang='grc' dir='ltr'>μίαν</span> <span class='ocrx_word' id='word_1_72' title='bbox 1052 704 1104 739; x_wconf 80' lang='grc' dir='ltr'>οἷ-</span> 
     </span>
     <span class='ocr_line' id='line_1_11' title="bbox 77 763 1103 816; baseline -0.002 -14"><span class='ocrx_word' id='word_1_73' title='bbox 77 769 215 808; x_wconf 85' lang='grc' dir='ltr'>κοῦντες</span> <span class='ocrx_word' id='word_1_74' title='bbox 238 763 371 816; x_wconf 80' lang='grc' dir='ltr'>χώραν,</span> <span class='ocrx_word' id='word_1_75' title='bbox 390 768 449 801; x_wconf 87' lang='grc' dir='ltr'>νῦν</span> <span class='ocrx_word' id='word_1_76' title='bbox 475 768 656 816; x_wconf 72' lang='grc' dir='ltr'>πανταχοῦ</span> <span class='ocrx_word' id='word_1_77' title='bbox 677 767 738 811; x_wconf 73' lang='grc' dir='ltr'>τῆς</span> <span class='ocrx_word' id='word_1_78' title='bbox 757 767 822 816; x_wconf 72' lang='grc' dir='ltr'>γῆς</span> <span class='ocrx_word' id='word_1_79' title='bbox 849 765 916 802; x_wconf 84' lang='grc' dir='ltr'>εἰσι</span> <span class='ocrx_word' id='word_1_80' title='bbox 936 764 1103 815; x_wconf 87' lang='grc' dir='ltr'>διεσπαρ-</span> 
     </span>
     <span class='ocr_line' id='line_1_12' title="bbox 77 824 1103 877; baseline -0.003 -13"><span class='ocrx_word' id='word_1_81' title='bbox 77 825 185 876; x_wconf 82' lang='grc' dir='ltr'>μένοι.</span> <span class='ocrx_word' id='word_1_82' title='bbox 217 826 291 864; x_wconf 77' lang='grc' dir='ltr'>Κᾶν</span> <span class='ocrx_word' id='word_1_83' title='bbox 327 825 508 877; x_wconf 74' lang='grc' dir='ltr'>ἐρωτήσῃς</span> <span class='ocrx_word' id='word_1_84' title='bbox 539 826 600 873; x_wconf 83' lang='grc' dir='ltr'>τὴν</span> <span class='ocrx_word' id='word_1_85' title='bbox 632 826 758 874; x_wconf 84' lang='grc' dir='ltr'>αἰτίαν,</span> <span class='ocrx_word' id='word_1_86' title='bbox 792 824 956 876; x_wconf 79' lang='grc' dir='ltr'>οὐδεμίαν</span> <span class='ocrx_word' id='word_1_87' title='bbox 994 825 1103 871; x_wconf 78' lang='grc' dir='ltr'>ἄλλην</span> 
     </span>
     <span class='ocr_line' id='line_1_13' title="bbox 77 885 1104 940; baseline -0.001 -16"><span class='ocrx_word' id='word_1_88' title='bbox 77 887 255 939; x_wconf 81' lang='grc' dir='ltr'>εὑρήσεις,</span> <span class='ocrx_word' id='word_1_89' title='bbox 277 888 354 925; x_wconf 86' lang='grc' dir='ltr'>ἀλλ’</span> <span class='ocrx_word' id='word_1_90' title='bbox 381 886 403 933; x_wconf 85' lang='grc' dir='ltr'>ἢ</span> <span class='ocrx_word' id='word_1_91' title='bbox 430 887 469 925; x_wconf 82' lang='grc' dir='ltr'>τὸ</span> <span class='ocrx_word' id='word_1_92' title='bbox 491 891 693 940; x_wconf 80' lang='grc' dir='ltr'>σταυρῶσαι</span> <span class='ocrx_word' id='word_1_93' title='bbox 711 888 769 925; x_wconf 83' lang='grc' dir='ltr'>τὸν</span> <span class='ocrx_word' id='word_1_94' title='bbox 790 886 954 939; x_wconf 86' lang='grc' dir='ltr'>Χριστόν.</span> <span class='ocrx_word' id='word_1_95' title='bbox 980 886 1048 924; x_wconf 87' lang='grc' dir='ltr'>Διὰ</span> <span class='ocrx_word' id='word_1_96' title='bbox 1070 885 1104 923; x_wconf 87' lang='grc' dir='ltr'>τί</span> 
     </span>
     <span class='ocr_line' id='line_1_14' title="bbox 75 947 1104 1001; baseline -0.001 -15"><span class='ocrx_word' id='word_1_97' title='bbox 75 948 143 1001; x_wconf 80' lang='grc' dir='ltr'>γὰρ</span> <span class='ocrx_word' id='word_1_98' title='bbox 164 948 286 994; x_wconf 80' lang='grc' dir='ltr'>οὕτως,</span> <span class='ocrx_word' id='word_1_99' title='bbox 305 948 381 988; x_wconf 81' lang='grc' dir='ltr'>εἰπέ</span> <span class='ocrx_word' id='word_1_100' title='bbox 400 964 478 999; x_wconf 86' lang='grc' dir='ltr'>μοι,</span> <span class='ocrx_word' id='word_1_101' title='bbox 499 953 599 987; x_wconf 85' lang='grc' dir='ltr'>τοῦτο</span> <span class='ocrx_word' id='word_1_102' title='bbox 621 949 668 999; x_wconf 78' lang='grc' dir='ltr'>μὴ</span> <span class='ocrx_word' id='word_1_103' title='bbox 685 948 846 1000; x_wconf 70' lang='grc' dir='ltr'>γέγονεν,</span> <span class='ocrx_word' id='word_1_104' title='bbox 870 949 960 986; x_wconf 82' lang='grc' dir='ltr'>Ἀλλ’</span> <span class='ocrx_word' id='word_1_105' title='bbox 991 950 1020 986; x_wconf 85' lang='grc' dir='ltr'>εἰ</span> <span class='ocrx_word' id='word_1_106' title='bbox 1044 947 1104 986; x_wconf 82' lang='grc' dir='ltr'>καὶ</span> 
     </span>
     <span class='ocr_line' id='line_1_15' title="bbox 75 1009 1103 1063; baseline -0.004 -15"><span class='ocrx_word' id='word_1_107' title='bbox 75 1009 196 1061; x_wconf 81' lang='grc' dir='ltr'>γέγονέ</span> <span class='ocrx_word' id='word_1_108' title='bbox 210 1025 307 1057; x_wconf 89' lang='grc' dir='ltr'>ποτε,</span> <span class='ocrx_word' id='word_1_109' title='bbox 325 1013 372 1053; x_wconf 87' lang='grc' dir='ltr'>εἷς</span> <span class='ocrx_word' id='word_1_110' title='bbox 392 1010 484 1053; x_wconf 83' lang='grc' dir='ltr'>ἔθνος</span> <span class='ocrx_word' id='word_1_111' title='bbox 502 1010 537 1048; x_wconf 78' lang='grc' dir='ltr'>ἓν</span> <span class='ocrx_word' id='word_1_112' title='bbox 557 1010 820 1063; x_wconf 65' lang='grc' dir='ltr'>ἀφωρίσθησαν,</span> <span class='ocrx_word' id='word_1_113' title='bbox 836 1010 894 1048; x_wconf 86' lang='grc' dir='ltr'>καὶ</span> <span class='ocrx_word' id='word_1_114' title='bbox 912 1009 969 1047; x_wconf 81' lang='grc' dir='ltr'>ἐπὶ</span> <span class='ocrx_word' id='word_1_115' title='bbox 991 1010 1103 1047; x_wconf 82' lang='grc' dir='ltr'>ἔτεσιν</span> 
     </span>
     <span class='ocr_line' id='line_1_16' title="bbox 76 1071 1103 1124; baseline -0.001 -15"><span class='ocrx_word' id='word_1_116' title='bbox 76 1071 204 1123; x_wconf 84' lang='grc' dir='ltr'>ὀλίγοις</span> <span class='ocrx_word' id='word_1_117' title='bbox 217 1087 224 1094; x_wconf 95' lang='grc'><em>·</em></span> <span class='ocrx_word' id='word_1_118' title='bbox 244 1071 317 1108; x_wconf 81' lang='grc' dir='ltr'>νυνὶ</span> <span class='ocrx_word' id='word_1_119' title='bbox 338 1072 372 1110; x_wconf 81' lang='grc' dir='ltr'>δὲ</span> <span class='ocrx_word' id='word_1_120' title='bbox 393 1074 458 1124; x_wconf 70' lang='grc' dir='ltr'>οὐχ</span> <span class='ocrx_word' id='word_1_121' title='bbox 481 1071 612 1120; x_wconf 79' lang='grc' dir='ltr'>οὕτως,</span> <span class='ocrx_word' id='word_1_122' title='bbox 636 1071 715 1110; x_wconf 81' lang='grc' dir='ltr'>ἀλλ’</span> <span class='ocrx_word' id='word_1_123' title='bbox 741 1071 920 1123; x_wconf 79' lang='grc' dir='ltr'>ἀπέραντα</span> <span class='ocrx_word' id='word_1_124' title='bbox 935 1071 1103 1115; x_wconf 82' lang='grc' dir='ltr'>κολάζον-</span> 
     </span>
     <span class='ocr_line' id='line_1_17' title="bbox 75 1132 1102 1185; baseline 0 -14"><span class='ocrx_word' id='word_1_125' title='bbox 75 1149 144 1171; x_wconf 85' lang='grc' dir='ltr'>ται.</span> <span class='ocrx_word' id='word_1_126' title='bbox 163 1132 236 1171; x_wconf 81' lang='grc' dir='ltr'>Κᾶν</span> <span class='ocrx_word' id='word_1_127' title='bbox 261 1133 441 1185; x_wconf 58' lang='grc' dir='ltr'>ἐρωτήσῃς</span> <span class='ocrx_word' id='word_1_128' title='bbox 463 1134 605 1181; x_wconf 78' lang='grc' dir='ltr'>αὐτοὺς,</span> <span class='ocrx_word' id='word_1_129' title='bbox 631 1134 687 1171; x_wconf 85' lang='grc' dir='ltr'>διὰ</span> <span class='ocrx_word' id='word_1_130' title='bbox 712 1132 744 1170; x_wconf 83' lang='grc' dir='ltr'>τί</span> <span class='ocrx_word' id='word_1_131' title='bbox 773 1133 1017 1185; x_wconf 80' lang='grc' dir='ltr'>ἐσταυρώσατε</span> <span class='ocrx_word' id='word_1_132' title='bbox 1044 1133 1102 1171; x_wconf 85' lang='grc' dir='ltr'>τὸν</span> 
     </span>
     <span class='ocr_line' id='line_1_18' title="bbox 75 1194 1101 1246; baseline -0.002 -14"><span class='ocrx_word' id='word_1_133' title='bbox 75 1195 250 1246; x_wconf 68' lang='grc' dir='ltr'>Χριστόν,</span> <span class='ocrx_word' id='word_1_134' title='bbox 267 1194 441 1246; x_wconf 83' lang='grc' dir='ltr'>λέγουσιν,</span> <span class='ocrx_word' id='word_1_135' title='bbox 463 1197 509 1239; x_wconf 83' lang='grc' dir='ltr'>ὡς</span> <span class='ocrx_word' id='word_1_136' title='bbox 528 1195 658 1233; x_wconf 79' lang='grc' dir='ltr'>πλάνον</span> <span class='ocrx_word' id='word_1_137' title='bbox 682 1195 741 1233; x_wconf 88' lang='grc' dir='ltr'>καὶ</span> <span class='ocrx_word' id='word_1_138' title='bbox 759 1194 871 1245; x_wconf 83' lang='grc' dir='ltr'>γόητα</span> <span class='ocrx_word' id='word_1_139' title='bbox 889 1194 984 1231; x_wconf 81' lang='grc' dir='ltr'>ὄντα.</span> <span class='ocrx_word' id='word_1_140' title='bbox 1005 1195 1101 1231; x_wconf 79' lang='grc' dir='ltr'>Οὐκ·</span> 
     </span>
     <span class='ocr_line' id='line_1_19' title="bbox 76 1253 1103 1307; baseline -0.003 -14"><span class='ocrx_word' id='word_1_141' title='bbox 76 1260 133 1294; x_wconf 88' lang='grc' dir='ltr'>οῦν</span> <span class='ocrx_word' id='word_1_142' title='bbox 159 1256 248 1307; x_wconf 79' lang='grc' dir='ltr'>ὑπὲρ</span> <span class='ocrx_word' id='word_1_143' title='bbox 268 1256 390 1294; x_wconf 84' lang='grc' dir='ltr'>τούτου</span> <span class='ocrx_word' id='word_1_144' title='bbox 409 1259 600 1307; x_wconf 71' lang='grc' dir='ltr'>τιμηθῆναι</span> <span class='ocrx_word' id='word_1_145' title='bbox 620 1256 709 1302; x_wconf 78' lang='grc' dir='ltr'>ἔδει,</span> <span class='ocrx_word' id='word_1_146' title='bbox 732 1255 790 1293; x_wconf 85' lang='grc' dir='ltr'>καὶ</span> <span class='ocrx_word' id='word_1_147' title='bbox 812 1254 955 1292; x_wconf 79' lang='grc' dir='ltr'>πλείονα</span> <span class='ocrx_word' id='word_1_148' title='bbox 983 1253 1103 1305; x_wconf 75' lang='grc' dir='ltr'>χώραν</span> 
     </span>
     <span class='ocr_line' id='line_1_20' title="bbox 75 1315 1103 1369; baseline -0.002 -16"><span class='ocrx_word' id='word_1_149' title='bbox 75 1317 300 1368; x_wconf 64' lang='grc' dir='ltr'>προσλαὸεῖν,</span> <span class='ocrx_word' id='word_1_150' title='bbox 329 1319 376 1359; x_wconf 83' lang='grc' dir='ltr'>ὡς</span> <span class='ocrx_word' id='word_1_151' title='bbox 395 1316 587 1369; x_wconf 82' lang='grc' dir='ltr'>ἀρέσαντας</span> <span class='ocrx_word' id='word_1_152' title='bbox 607 1320 657 1368; x_wconf 82' lang='grc' dir='ltr'>τῷ</span> <span class='ocrx_word' id='word_1_153' title='bbox 677 1318 772 1368; x_wconf 79' lang='grc' dir='ltr'>Θεῷ.</span> <span class='ocrx_word' id='word_1_154' title='bbox 802 1315 846 1353; x_wconf 83' lang='lat' dir='ltr'>‘O</span> <span class='ocrx_word' id='word_1_155' title='bbox 875 1315 942 1366; x_wconf 86' lang='grc' dir='ltr'>γὰρ</span> <span class='ocrx_word' id='word_1_156' title='bbox 971 1315 1103 1353; x_wconf 82' lang='grc' dir='ltr'>πλάνον</span> 
     </span>
     <span class='ocr_line' id='line_1_21' title="bbox 74 1376 1102 1429; baseline -0.001 -14"><span class='ocrx_word' id='word_1_157' title='bbox 74 1378 133 1415; x_wconf 80' lang='grc' dir='ltr'>καὶ</span> <span class='ocrx_word' id='word_1_158' title='bbox 163 1378 272 1429; x_wconf 85' lang='grc' dir='ltr'>γόητα</span> <span class='ocrx_word' id='word_1_159' title='bbox 300 1378 359 1416; x_wconf 84' lang='grc' dir='ltr'>καὶ</span> <span class='ocrx_word' id='word_1_160' title='bbox 391 1378 545 1415; x_wconf 84' lang='grc' dir='ltr'>ἀντίθεον</span> <span class='ocrx_word' id='word_1_161' title='bbox 578 1376 725 1425; x_wconf 82' lang='grc' dir='ltr'>ἀνελὼν,</span> <span class='ocrx_word' id='word_1_162' title='bbox 761 1377 882 1429; x_wconf 71' lang='grc' dir='ltr'>ἐχθρὸν</span> <span class='ocrx_word' id='word_1_163' title='bbox 915 1380 975 1414; x_wconf 88' lang='grc' dir='ltr'>τοῦ</span> <span class='ocrx_word' id='word_1_164' title='bbox 1009 1378 1102 1415; x_wconf 94' lang='grc' dir='ltr'>Θεοῦ</span> 
     </span>
     <span class='ocr_line' id='line_1_22' title="bbox 74 1438 1102 1490; baseline 0 -14"><span class='ocrx_word' id='word_1_165' title='bbox 74 1440 189 1477; x_wconf 81' lang='grc' dir='ltr'>ἀνεῖλε</span> <span class='ocrx_word' id='word_1_166' title='bbox 201 1455 209 1462; x_wconf 92' lang='grc'><em>·</em></span> <span class='ocrx_word' id='word_1_167' title='bbox 226 1442 243 1477; x_wconf 84' lang='grc' dir='ltr'>ὁ</span> <span class='ocrx_word' id='word_1_168' title='bbox 261 1439 296 1476; x_wconf 80' lang='grc' dir='ltr'>δὲ</span> <span class='ocrx_word' id='word_1_169' title='bbox 313 1439 436 1490; x_wconf 77' lang='grc' dir='ltr'>ἐχθρὸν</span> <span class='ocrx_word' id='word_1_170' title='bbox 454 1439 597 1485; x_wconf 83' lang='grc' dir='ltr'>ἀνελὼν,</span> <span class='ocrx_word' id='word_1_171' title='bbox 616 1441 812 1490; x_wconf 73' lang='grc' dir='ltr'>εὐδοκιμεῖν</span> <span class='ocrx_word' id='word_1_172' title='bbox 833 1439 872 1476; x_wconf 84' lang='grc' dir='ltr'>ἂν</span> <span class='ocrx_word' id='word_1_173' title='bbox 890 1439 943 1485; x_wconf 88' lang='grc' dir='ltr'>εἴη</span> <span class='ocrx_word' id='word_1_174' title='bbox 960 1438 1102 1482; x_wconf 88' lang='grc' dir='ltr'>δίκαιος.</span> 
     </span>
     <span class='ocr_line' id='line_1_23' title="bbox 74 1499 1103 1553; baseline 0 -16"><span class='ocrx_word' id='word_1_175' title='bbox 74 1502 148 1538; x_wconf 80' lang='grc' dir='ltr'>Νῦν</span> <span class='ocrx_word' id='word_1_176' title='bbox 168 1499 203 1538; x_wconf 81' lang='grc' dir='ltr'>δὲ</span> <span class='ocrx_word' id='word_1_177' title='bbox 218 1503 236 1538; x_wconf 82' lang='grc' dir='ltr'><strong><em>ὃ</em></strong></span> <span class='ocrx_word' id='word_1_178' title='bbox 256 1499 319 1550; x_wconf 81' lang='grc' dir='ltr'>μὲν</span> <span class='ocrx_word' id='word_1_179' title='bbox 344 1500 491 1548; x_wconf 76' lang='grc' dir='ltr'>Φινεὲς,</span> <span class='ocrx_word' id='word_1_180' title='bbox 511 1501 568 1539; x_wconf 78' lang='grc' dir='ltr'>ἰ’να</span> <span class='ocrx_word' id='word_1_181' title='bbox 590 1501 672 1553; x_wconf 89' lang='grc' dir='ltr'>μίαν</span> <span class='ocrx_word' id='word_1_182' title='bbox 697 1501 802 1552; x_wconf 80' lang='grc' dir='ltr'>ἀνέλῃ</span> <span class='ocrx_word' id='word_1_183' title='bbox 821 1501 965 1552; x_wconf 78' lang='grc' dir='ltr'>πόρνην,</span> <span class='ocrx_word' id='word_1_184' title='bbox 995 1501 1103 1544; x_wconf 74' lang='grc' dir='ltr'>οὕτως</span> 
     </span>
     <span class='ocr_line' id='line_1_24' title="bbox 73 1560 1103 1614; baseline -0.001 -14"><span class='ocrx_word' id='word_1_185' title='bbox 73 1560 284 1612; x_wconf 79' lang='grc' dir='ltr'>εὐδοκίμησε</span> <span class='ocrx_word' id='word_1_186' title='bbox 301 1561 397 1614; x_wconf 82' lang='grc' dir='ltr'>παρὰ</span> <span class='ocrx_word' id='word_1_187' title='bbox 416 1564 464 1614; x_wconf 78' lang='grc' dir='ltr'>τῷ</span> <span class='ocrx_word' id='word_1_188' title='bbox 484 1564 567 1614; x_wconf 77' lang='grc' dir='ltr'>Θεῷ</span> <span class='ocrx_word' id='word_1_189' title='bbox 580 1592 589 1610; x_wconf 93' lang='grc'>,</span> <span class='ocrx_word' id='word_1_190' title='bbox 606 1565 651 1606; x_wconf 83' lang='grc' dir='ltr'>ὡς</span> <span class='ocrx_word' id='word_1_191' title='bbox 672 1561 731 1600; x_wconf 83' lang='grc' dir='ltr'>καὶ</span> <span class='ocrx_word' id='word_1_192' title='bbox 748 1561 937 1614; x_wconf 81' lang='grc' dir='ltr'>ἱερωσύνης</span> <span class='ocrx_word' id='word_1_193' title='bbox 959 1561 1103 1608; x_wconf 68' lang='grc' dir='ltr'>ἀξιωθῆ-</span> 
     </span>
     <span class='ocr_line' id='line_1_25' title="bbox 73 1624 1100 1675; baseline 0 -13"><span class='ocrx_word' id='word_1_194' title='bbox 73 1640 151 1670; x_wconf 83' lang='grc' dir='ltr'>ναι,</span> <span class='ocrx_word' id='word_1_195' title='bbox 170 1624 229 1662; x_wconf 87' lang='grc' dir='ltr'>καὶ</span> <span class='ocrx_word' id='word_1_196' title='bbox 249 1624 421 1670; x_wconf 83' lang='grc' dir='ltr'>τοσαύτης</span> <span class='ocrx_word' id='word_1_197' title='bbox 440 1627 562 1675; x_wconf 68' lang='grc' dir='ltr'>τιμῆς·</span> <span class='ocrx_word' id='word_1_198' title='bbox 578 1627 675 1675; x_wconf 77' lang='grc' dir='ltr'>ὑμεῖς</span> <span class='ocrx_word' id='word_1_199' title='bbox 696 1625 751 1671; x_wconf 82' lang='grc' dir='ltr'>δὲ,</span> <span class='ocrx_word' id='word_1_200' title='bbox 765 1626 796 1663; x_wconf 81' lang='grc' dir='ltr'>οἱ</span> <span class='ocrx_word' id='word_1_201' title='bbox 818 1627 949 1675; x_wconf 81' lang='grc' dir='ltr'>μᾶλλον</span> <span class='ocrx_word' id='word_1_202' title='bbox 970 1624 1100 1662; x_wconf 78' lang='grc' dir='ltr'>ἐκείνου</span> 
     </span>
     <span class='ocr_line' id='line_1_26' title="bbox 73 1684 1100 1738; baseline 0.001 -15"><span class='ocrx_word' id='word_1_203' title='bbox 73 1684 268 1738; x_wconf 76' lang='grc' dir='ltr'>ὀφείλοντες</span> <span class='ocrx_word' id='word_1_204' title='bbox 292 1687 488 1737; x_wconf 79' lang='grc' dir='ltr'>εὐδοκιμεῖν</span> <span class='ocrx_word' id='word_1_205' title='bbox 513 1687 654 1738; x_wconf 80' lang='grc' dir='ltr'>πολλῷ,</span> <span class='ocrx_word' id='word_1_206' title='bbox 676 1687 745 1738; x_wconf 84' lang='grc' dir='ltr'>εἴγε</span> <span class='ocrx_word' id='word_1_207' title='bbox 773 1686 903 1724; x_wconf 83' lang='grc' dir='ltr'>πλάνον</span> <span class='ocrx_word' id='word_1_208' title='bbox 924 1685 1076 1724; x_wconf 74' lang='grc' dir='ltr'>ἀνείλετε</span> <span class='ocrx_word' id='word_1_209' title='bbox 1091 1715 1100 1732; x_wconf 86' lang='grc'>,</span> 
     </span>
     <span class='ocr_line' id='line_1_27' title="bbox 73 1747 1100 1799; baseline 0 -14"><span class='ocrx_word' id='word_1_210' title='bbox 73 1749 202 1793; x_wconf 69' lang='grc' dir='ltr'>ἀλῆται</span> <span class='ocrx_word' id='word_1_211' title='bbox 228 1747 287 1786; x_wconf 82' lang='grc' dir='ltr'>καὶ</span> <span class='ocrx_word' id='word_1_212' title='bbox 313 1747 475 1791; x_wconf 84' lang='grc' dir='ltr'>ἀπόλιδες</span> <span class='ocrx_word' id='word_1_213' title='bbox 501 1747 685 1799; x_wconf 77' lang='grc' dir='ltr'>περιάγετε</span> <span class='ocrx_word' id='word_1_214' title='bbox 714 1751 911 1799; x_wconf 78' lang='grc' dir='ltr'>πανταχοῦ.</span> <span class='ocrx_word' id='word_1_215' title='bbox 934 1747 1043 1785; x_wconf 41' lang='grc' dir='ltr'>(Ὥστε</span> <span class='ocrx_word' id='word_1_216' title='bbox 1063 1748 1100 1784; x_wconf 80' lang='grc' dir='ltr'>οὖ</span> 
     </span>
     <span class='ocr_line' id='line_1_28' title="bbox 74 1808 1101 1860; baseline 0.001 -15"><span class='ocrx_word' id='word_1_217' title='bbox 74 1809 117 1846; x_wconf 78' lang='grc' dir='ltr'>δι’</span> <span class='ocrx_word' id='word_1_218' title='bbox 147 1808 231 1847; x_wconf 77' lang='grc' dir='ltr'>ἄλλο</span> <span class='ocrx_word' id='word_1_219' title='bbox 257 1825 291 1846; x_wconf 87' lang='grc' dir='ltr'>τι</span> <span class='ocrx_word' id='word_1_220' title='bbox 313 1812 425 1846; x_wconf 89' lang='grc' dir='ltr'>ταῦτα</span> <span class='ocrx_word' id='word_1_221' title='bbox 446 1808 642 1846; x_wconf 83' lang='grc' dir='ltr'>πεπόνθατε</span> <span class='ocrx_word' id='word_1_222' title='bbox 657 1840 666 1856; x_wconf 94' lang='grc'>,</span> <span class='ocrx_word' id='word_1_223' title='bbox 686 1810 762 1847; x_wconf 86' lang='grc' dir='ltr'>ἀλλ’</span> <span class='ocrx_word' id='word_1_224' title='bbox 783 1808 805 1855; x_wconf 85' lang='grc' dir='ltr'>ἢ</span> <span class='ocrx_word' id='word_1_225' title='bbox 823 1810 875 1846; x_wconf 79' lang='grc' dir='ltr'>ὅτι</span> <span class='ocrx_word' id='word_1_226' title='bbox 900 1808 1101 1860; x_wconf 83' lang='grc' dir='ltr'>προστάτην</span> 
     </span>
     <span class='ocr_line' id='line_1_29' title="bbox 74 1868 1100 1921; baseline 0.001 -15"><span class='ocrx_word' id='word_1_227' title='bbox 74 1868 133 1906; x_wconf 84' lang='grc' dir='ltr'>καὶ</span> <span class='ocrx_word' id='word_1_228' title='bbox 155 1868 336 1921; x_wconf 78' lang='grc' dir='ltr'>εὐεργέτην</span> <span class='ocrx_word' id='word_1_229' title='bbox 355 1869 414 1907; x_wconf 80' lang='grc' dir='ltr'>καὶ</span> <span class='ocrx_word' id='word_1_230' title='bbox 434 1869 598 1915; x_wconf 73' lang='grc' dir='ltr'>ἀληθείας</span> <span class='ocrx_word' id='word_1_231' title='bbox 619 1869 826 1908; x_wconf 85' lang='grc' dir='ltr'>διδάσκαλον</span> <span class='ocrx_word' id='word_1_232' title='bbox 843 1869 1100 1921; x_wconf 77' lang='grc' dir='ltr'>ἐσταυρώσατε,</span> 
     </span>
     <span class='ocr_line' id='line_1_30' title="bbox 76 1924 1100 1981; baseline 0 -14"><span class='ocrx_word' id='word_1_233' title='bbox 76 1931 120 1967; x_wconf 85' lang='grc' dir='ltr'>Εἰ</span> <span class='ocrx_word' id='word_1_234' title='bbox 140 1930 207 1981; x_wconf 82' lang='grc' dir='ltr'>γὰρ</span> <span class='ocrx_word' id='word_1_235' title='bbox 227 1930 356 1973; x_wconf 86' lang='grc' dir='ltr'>πλάνος</span> <span class='ocrx_word' id='word_1_236' title='bbox 380 1924 422 1976; x_wconf 65' lang='grc' dir='ltr'>ἦν</span> <span class='ocrx_word' id='word_1_237' title='bbox 446 1930 504 1968; x_wconf 79' lang='grc' dir='ltr'>καὶ</span> <span class='ocrx_word' id='word_1_238' title='bbox 525 1930 677 1973; x_wconf 79' lang='grc' dir='ltr'>ἀντίθεος</span> <span class='ocrx_word' id='word_1_239' title='bbox 693 1960 701 1976; x_wconf 94' lang='grc'>,</span> <span class='ocrx_word' id='word_1_240' title='bbox 724 1930 803 1979; x_wconf 75' lang='grc' dir='ltr'>καὶ,</span> <span class='ocrx_word' id='word_1_241' title='bbox 832 1930 879 1981; x_wconf 83' lang='grc' dir='ltr'>μὴ</span> <span class='ocrx_word' id='word_1_242' title='bbox 910 1929 958 1967; x_wconf 80' lang='grc' dir='ltr'>ὢν</span> <span class='ocrx_word' id='word_1_243' title='bbox 985 1929 1076 1973; x_wconf 81' lang='grc' dir='ltr'>Θεὸς</span> <span class='ocrx_word' id='word_1_244' title='bbox 1091 1961 1100 1978; x_wconf 93' lang='grc'>,</span> 
     </span>
     <span class='ocr_line' id='line_1_31' title="bbox 74 1985 1102 2044; baseline 0.001 -16"><span class='ocrx_word' id='word_1_245' title='bbox 74 1991 164 2035; x_wconf 82' lang='grc' dir='ltr'>Θεὸς</span> <span class='ocrx_word' id='word_1_246' title='bbox 194 1985 279 2029; x_wconf 66' lang='grc' dir='ltr'>εἶναι</span> <span class='ocrx_word' id='word_1_247' title='bbox 307 1991 492 2040; x_wconf 68' lang='grc' dir='ltr'>ἐὸούλετο,</span> <span class='ocrx_word' id='word_1_248' title='bbox 515 1993 574 2030; x_wconf 81' lang='grc' dir='ltr'>καὶ</span> <span class='ocrx_word' id='word_1_249' title='bbox 599 1993 638 2030; x_wconf 81' lang='grc' dir='ltr'>τὸ</span> <span class='ocrx_word' id='word_1_250' title='bbox 663 1996 722 2030; x_wconf 89' lang='grc' dir='ltr'>τοῦ</span> <span class='ocrx_word' id='word_1_251' title='bbox 754 1993 894 2044; x_wconf 76' lang='grc' dir='ltr'>Πατρὸς</span> <span class='ocrx_word' id='word_1_252' title='bbox 917 1991 1022 2035; x_wconf 63' lang='grc' dir='ltr'>σε’ὃας</span> <span class='ocrx_word' id='word_1_253' title='bbox 1055 1994 1102 2035; x_wconf 84' lang='grc' dir='ltr'>εἰς</span> 
     </span>
     <span class='ocr_line' id='line_1_32' title="bbox 74 2052 1099 2102; baseline 0 -12"><span class='ocrx_word' id='word_1_254' title='bbox 74 2053 194 2090; x_wconf 80' lang='grc' dir='ltr'>ἑαυτὸν</span> <span class='ocrx_word' id='word_1_255' title='bbox 215 2054 411 2100; x_wconf 71' lang='grc' dir='ltr'>ἐπεσπᾶτο,</span> <span class='ocrx_word' id='word_1_256' title='bbox 431 2053 490 2090; x_wconf 82' lang='grc' dir='ltr'>καὶ</span> <span class='ocrx_word' id='word_1_257' title='bbox 506 2057 566 2091; x_wconf 81' lang='grc' dir='ltr'>τοῦ</span> <span class='ocrx_word' id='word_1_258' title='bbox 583 2054 708 2096; x_wconf 79' lang='grc' dir='ltr'>Φινεὲς</span> <span class='ocrx_word' id='word_1_259' title='bbox 721 2081 730 2098; x_wconf 87' lang='grc'>,</span> <span class='ocrx_word' id='word_1_260' title='bbox 752 2053 810 2091; x_wconf 77' lang='grc' dir='ltr'>καὶ</span> <span class='ocrx_word' id='word_1_261' title='bbox 830 2057 889 2090; x_wconf 89' lang='grc' dir='ltr'>τοῦ</span> <span class='ocrx_word' id='word_1_262' title='bbox 909 2052 1099 2102; x_wconf 82' lang='grc' dir='ltr'>Σαμουὴλ,</span> 
     </span>
     <span class='ocr_line' id='line_1_33' title="bbox 73 2113 1098 2165; baseline 0 -14"><span class='ocrx_word' id='word_1_263' title='bbox 73 2113 132 2151; x_wconf 79' lang='grc' dir='ltr'>καὶ</span> <span class='ocrx_word' id='word_1_264' title='bbox 152 2114 291 2151; x_wconf 87' lang='grc' dir='ltr'>πάντων</span> <span class='ocrx_word' id='word_1_265' title='bbox 319 2114 458 2151; x_wconf 83' lang='grc' dir='ltr'>ἐκείνων</span> <span class='ocrx_word' id='word_1_266' title='bbox 481 2116 613 2164; x_wconf 77' lang='grc' dir='ltr'>μᾶλλον</span> <span class='ocrx_word' id='word_1_267' title='bbox 634 2117 723 2165; x_wconf 76' lang='grc' dir='ltr'>ὑμᾶς</span> <span class='ocrx_word' id='word_1_268' title='bbox 750 2115 978 2165; x_wconf 71' lang='grc' dir='ltr'>εὐδοκιμῆσαι</span> <span class='ocrx_word' id='word_1_269' title='bbox 1010 2114 1098 2161; x_wconf 83' lang='grc' dir='ltr'>ἔδει,</span> 
     </span>
     <span class='ocr_line' id='line_1_34' title="bbox 72 2174 1101 2226; baseline 0.001 -15"><span class='ocrx_word' id='word_1_270' title='bbox 72 2178 236 2212; x_wconf 82' lang='grc' dir='ltr'>τοσοῦτον</span> <span class='ocrx_word' id='word_1_271' title='bbox 270 2174 355 2226; x_wconf 76' lang='grc' dir='ltr'>ὑπὲρ</span> <span class='ocrx_word' id='word_1_272' title='bbox 385 2179 445 2212; x_wconf 85' lang='grc' dir='ltr'>τοῦ</span> <span class='ocrx_word' id='word_1_273' title='bbox 476 2174 581 2225; x_wconf 86' lang='grc' dir='ltr'>νόμου</span> <span class='ocrx_word' id='word_1_274' title='bbox 611 2175 850 2222; x_wconf 83' lang='grc' dir='ltr'>ζηλώσαντας.</span> <span class='ocrx_word' id='word_1_275' title='bbox 884 2174 968 2213; x_wconf 68' lang='grc' dir='ltr'>Νυνὶ</span> <span class='ocrx_word' id='word_1_276' title='bbox 999 2174 1057 2221; x_wconf 80' lang='grc' dir='ltr'>δὲ,</span> <span class='ocrx_word' id='word_1_277' title='bbox 1080 2175 1101 2212; x_wconf 84' lang='grc' dir='ltr'>ἃ</span> 
     </span>
     <span class='ocr_line' id='line_1_35' title="bbox 73 2235 1100 2289; baseline 0 -16"><span class='ocrx_word' id='word_1_278' title='bbox 73 2236 249 2287; x_wconf 85' lang='grc' dir='ltr'>μηδέποτε</span> <span class='ocrx_word' id='word_1_279' title='bbox 277 2235 473 2274; x_wconf 83' lang='grc' dir='ltr'>πεπόνθατε</span> <span class='ocrx_word' id='word_1_280' title='bbox 493 2237 824 2289; x_wconf 85' lang='grc' dir='ltr'>εἷδωλολατροῦντες</span> <span class='ocrx_word' id='word_1_281' title='bbox 839 2267 848 2284; x_wconf 91' lang='grc'>,</span> <span class='ocrx_word' id='word_1_282' title='bbox 877 2236 1100 2285; x_wconf 60' lang='grc' dir='ltr'>ἀσεὸοῦντες,</span> 
     </span>
     <span class='ocr_line' id='line_1_36' title="bbox 72 2297 1102 2350; baseline 0.001 -16"><span class='ocrx_word' id='word_1_283' title='bbox 72 2299 199 2340; x_wconf 84' lang='grc' dir='ltr'>παῖδας</span> <span class='ocrx_word' id='word_1_284' title='bbox 229 2297 431 2350; x_wconf 54' lang='grc' dir='ltr'>σφάζοντες,</span> <span class='ocrx_word' id='word_1_285' title='bbox 460 2301 570 2336; x_wconf 83' lang='grc' dir='ltr'>ταῦτα</span> <span class='ocrx_word' id='word_1_286' title='bbox 594 2298 789 2337; x_wconf 80' lang='grc' dir='ltr'>πεπόνθατε</span> <span class='ocrx_word' id='word_1_287' title='bbox 814 2302 888 2347; x_wconf 86' lang='grc' dir='ltr'>νῦν,</span> <span class='ocrx_word' id='word_1_288' title='bbox 917 2298 977 2336; x_wconf 78' lang='grc' dir='ltr'>καὶ</span> <span class='ocrx_word' id='word_1_289' title='bbox 1003 2297 1102 2341; x_wconf 86' lang='grc' dir='ltr'>λύσις</span> 
     </span>
     <span class='ocr_line' id='line_1_37' title="bbox 73 2359 1101 2413; baseline 0.001 -16"><span class='ocrx_word' id='word_1_290' title='bbox 73 2359 218 2410; x_wconf 79' lang='grc' dir='ltr'>οὐδεμία</span> <span class='ocrx_word' id='word_1_291' title='bbox 247 2363 318 2398; x_wconf 84' lang='grc' dir='ltr'>τῶν</span> <span class='ocrx_word' id='word_1_292' title='bbox 349 2360 483 2406; x_wconf 80' lang='grc' dir='ltr'>δεινῶν,</span> <span class='ocrx_word' id='word_1_293' title='bbox 518 2360 576 2398; x_wconf 78' lang='grc' dir='ltr'>καὶ</span> <span class='ocrx_word' id='word_1_294' title='bbox 610 2362 737 2407; x_wconf 71' lang='grc' dir='ltr'>ἀλῆται</span> <span class='ocrx_word' id='word_1_295' title='bbox 766 2360 824 2398; x_wconf 76' lang='grc' dir='ltr'>καὶ</span> <span class='ocrx_word' id='word_1_296' title='bbox 861 2360 1009 2413; x_wconf 75' lang='grc' dir='ltr'>φυγάδες</span> <span class='ocrx_word' id='word_1_297' title='bbox 1042 2360 1101 2397; x_wconf 78' lang='grc' dir='ltr'>καὶ</span> 
     </span>
     <span class='ocr_line' id='line_1_38' title="bbox 72 2419 1101 2473; baseline 0 -16"><span class='ocrx_word' id='word_1_298' title='bbox 72 2419 221 2467; x_wconf 89' lang='grc' dir='ltr'>πλάνοι,</span> <span class='ocrx_word' id='word_1_299' title='bbox 243 2420 303 2459; x_wconf 85' lang='grc' dir='ltr'>καὶ</span> <span class='ocrx_word' id='word_1_300' title='bbox 322 2421 438 2471; x_wconf 86' lang='grc' dir='ltr'>νόμοις</span> <span class='ocrx_word' id='word_1_301' title='bbox 459 2421 647 2472; x_wconf 84' lang='grc' dir='ltr'>Ῥωμαίων</span> <span class='ocrx_word' id='word_1_302' title='bbox 670 2421 888 2465; x_wconf 84' lang='grc' dir='ltr'>δουλεύοντες</span> <span class='ocrx_word' id='word_1_303' title='bbox 902 2453 911 2469; x_wconf 94' lang='grc'>,</span> <span class='ocrx_word' id='word_1_304' title='bbox 934 2420 1101 2473; x_wconf 69' lang='grc' dir='ltr'>μετέρχε-</span> 
     </span>
     <span class='ocr_line' id='line_1_39' title="bbox 73 2481 1100 2533; baseline 0.002 -15"><span class='ocrx_word' id='word_1_305' title='bbox 73 2485 133 2519; x_wconf 88' lang='grc' dir='ltr'>σθε</span> <span class='ocrx_word' id='word_1_306' title='bbox 160 2484 224 2533; x_wconf 74' lang='grc' dir='ltr'>γῆν</span> <span class='ocrx_word' id='word_1_307' title='bbox 258 2481 316 2519; x_wconf 82' lang='grc' dir='ltr'>καὶ</span> <span class='ocrx_word' id='word_1_308' title='bbox 349 2482 539 2528; x_wconf 83' lang='grc' dir='ltr'>θάλατταν,</span> <span class='ocrx_word' id='word_1_309' title='bbox 574 2482 790 2533; x_wconf 84' lang='grc' dir='ltr'>μετανάσται</span> <span class='ocrx_word' id='word_1_310' title='bbox 826 2483 884 2521; x_wconf 85' lang='grc' dir='ltr'>καὶ</span> <span class='ocrx_word' id='word_1_311' title='bbox 917 2482 1100 2529; x_wconf 84' lang='grc' dir='ltr'>ἀπόλιδες,</span> 
     </span>
     <span class='ocr_line' id='line_1_40' title="bbox 73 2542 1101 2597; baseline 0.004 -18"><span class='ocrx_word' id='word_1_312' title='bbox 73 2542 185 2580; x_wconf 79' lang='grc' dir='ltr'>ἄοικοι</span> <span class='ocrx_word' id='word_1_313' title='bbox 205 2543 266 2580; x_wconf 84' lang='grc' dir='ltr'>καὶ</span> <span class='ocrx_word' id='word_1_314' title='bbox 293 2543 641 2594; x_wconf 64' lang='grc' dir='ltr'>ἐξηνδραποδισμένα</span> <span class='ocrx_word' id='word_1_315' title='bbox 654 2572 663 2589; x_wconf 87' lang='grc'>,</span> <span class='ocrx_word' id='word_1_316' title='bbox 683 2544 877 2596; x_wconf 78' lang='grc' dir='ltr'>ἐλευθερίας</span> <span class='ocrx_word' id='word_1_317' title='bbox 897 2544 956 2582; x_wconf 70' lang='grc' dir='ltr'>καὶ</span> <span class='ocrx_word' id='word_1_318' title='bbox 976 2545 1101 2597; x_wconf 86' lang='grc' dir='ltr'>πατρί-</span> 
     </span>
     <span class='ocr_line' id='line_1_41' title="bbox 74 2604 1101 2659; baseline 0.003 -18"><span class='ocrx_word' id='word_1_319' title='bbox 74 2605 130 2646; x_wconf 84' lang='grc' dir='ltr'>δος</span> <span class='ocrx_word' id='word_1_320' title='bbox 158 2604 216 2642; x_wconf 77' lang='grc' dir='ltr'>καὶ</span> <span class='ocrx_word' id='word_1_321' title='bbox 242 2604 430 2656; x_wconf 83' lang='grc' dir='ltr'>ἱερωσύνης</span> <span class='ocrx_word' id='word_1_322' title='bbox 455 2605 514 2642; x_wconf 81' lang='grc' dir='ltr'>καὶ</span> <span class='ocrx_word' id='word_1_323' title='bbox 531 2606 670 2643; x_wconf 89' lang='grc' dir='ltr'>πάντων</span> <span class='ocrx_word' id='word_1_324' title='bbox 692 2608 761 2644; x_wconf 82' lang='grc' dir='ltr'>τῶν</span> <span class='ocrx_word' id='word_1_325' title='bbox 789 2607 911 2659; x_wconf 82' lang='grc' dir='ltr'>πρῴην</span> <span class='ocrx_word' id='word_1_326' title='bbox 932 2606 1101 2654; x_wconf 59' lang='grc' dir='ltr'>ἐκδείλη-</span> 
     </span>
     <span class='ocr_line' id='line_1_42' title="bbox 75 2665 1101 2720; baseline 0.004 -18"><span class='ocrx_word' id='word_1_327' title='bbox 75 2665 193 2715; x_wconf 83' lang='grc' dir='ltr'>μένοι,</span> <span class='ocrx_word' id='word_1_328' title='bbox 225 2667 259 2703; x_wconf 80' lang='grc' dir='ltr'>ἐν</span> <span class='ocrx_word' id='word_1_329' title='bbox 292 2665 409 2716; x_wconf 83' lang='grc' dir='ltr'>μέσοις</span> <span class='ocrx_word' id='word_1_330' title='bbox 432 2666 620 2719; x_wconf 56' lang='grc' dir='ltr'>βαρῖἱάροις</span> <span class='ocrx_word' id='word_1_331' title='bbox 648 2668 707 2705; x_wconf 84' lang='grc' dir='ltr'>καὶ</span> <span class='ocrx_word' id='word_1_332' title='bbox 737 2668 872 2720; x_wconf 88' lang='grc' dir='ltr'>μυρίοις</span> <span class='ocrx_word' id='word_1_333' title='bbox 898 2668 1008 2706; x_wconf 77' lang='grc' dir='ltr'>ἔθνεσι</span> <span class='ocrx_word' id='word_1_334' title='bbox 1028 2670 1101 2706; x_wconf 91' lang='grc' dir='ltr'>διε-</span> 
     </span>
     <span class='ocr_line' id='line_1_43' title="bbox 74 2727 1100 2782; baseline 0.003 -18"><span class='ocrx_word' id='word_1_335' title='bbox 74 2727 289 2780; x_wconf 77' lang='grc' dir='ltr'>σπαρμένοι,</span> <span class='ocrx_word' id='word_1_336' title='bbox 325 2727 530 2778; x_wconf 77' lang='grc' dir='ltr'>μισούμενοι</span> <span class='ocrx_word' id='word_1_337' title='bbox 574 2729 670 2781; x_wconf 83' lang='grc' dir='ltr'>παρὰ</span> <span class='ocrx_word' id='word_1_338' title='bbox 707 2730 848 2768; x_wconf 86' lang='grc' dir='ltr'>πάντων</span> <span class='ocrx_word' id='word_1_339' title='bbox 886 2730 1076 2782; x_wconf 81' lang='grc' dir='ltr'>ἀνθρώπων</span> <span class='ocrx_word' id='word_1_340' title='bbox 1091 2760 1100 2776; x_wconf 94' lang='grc'>,</span> 
     </span>
     <span class='ocr_line' id='line_1_44' title="bbox 76 2788 1100 2844; baseline 0.004 -19"><span class='ocrx_word' id='word_1_341' title='bbox 76 2788 248 2840; x_wconf 75' lang='grc' dir='ltr'>βδελυροὶ,</span> <span class='ocrx_word' id='word_1_342' title='bbox 265 2789 323 2826; x_wconf 82' lang='grc' dir='ltr'>καὶ</span> <span class='ocrx_word' id='word_1_343' title='bbox 340 2796 446 2826; x_wconf 77' lang='grc' dir='ltr'>πᾶσιν</span> <span class='ocrx_word' id='word_1_344' title='bbox 464 2791 511 2832; x_wconf 85' lang='grc' dir='ltr'>εἷς</span> <span class='ocrx_word' id='word_1_345' title='bbox 531 2789 570 2826; x_wconf 80' lang='grc' dir='ltr'>τὸ</span> <span class='ocrx_word' id='word_1_346' title='bbox 584 2793 701 2833; x_wconf 76' lang='grc' dir='ltr'>κακῶς</span> <span class='ocrx_word' id='word_1_347' title='bbox 719 2794 840 2828; x_wconf 86' lang='grc' dir='ltr'>παθεῖν</span> <span class='ocrx_word' id='word_1_348' title='bbox 865 2792 1100 2844; x_wconf 79' lang='grc' dir='ltr'>προκείμενοι.</span> 
     </span>
     <span class='ocr_line' id='line_1_45' title="bbox 76 2849 1101 2902; baseline 0.004 -16"><span class='ocrx_word' id='word_1_349' title='bbox 76 2849 174 2886; x_wconf 87' lang='grc' dir='ltr'>Πάνυ</span> <span class='ocrx_word' id='word_1_350' title='bbox 193 2866 252 2900; x_wconf 89' lang='grc' dir='ltr'>γε·</span> <span class='ocrx_word' id='word_1_351' title='bbox 274 2851 312 2887; x_wconf 83' lang='grc' dir='ltr'>οὐ</span> <span class='ocrx_word' id='word_1_352' title='bbox 336 2849 404 2902; x_wconf 79' lang='grc' dir='ltr'>γὰρ</span> <span class='ocrx_word' id='word_1_353' title='bbox 425 2850 566 2888; x_wconf 48' lang='lat' dir='ltr'>{Reicere</span> <span class='ocrx_word' id='word_1_354' title='bbox 586 2850 629 2888; x_wconf 83' lang='grc' dir='ltr'>τὰ</span> <span class='ocrx_word' id='word_1_355' title='bbox 650 2852 785 2890; x_wconf 81' lang='grc' dir='ltr'>ἔπαθλα</span> <span class='ocrx_word' id='word_1_356' title='bbox 799 2883 808 2899; x_wconf 86' lang='grc'>,</span> <span class='ocrx_word' id='word_1_357' title='bbox 840 2852 892 2890; x_wconf 79' lang='grc' dir='ltr'>ὅτι</span> <span class='ocrx_word' id='word_1_358' title='bbox 919 2857 978 2890; x_wconf 89' lang='grc' dir='ltr'>τοῦ</span> <span class='ocrx_word' id='word_1_359' title='bbox 1008 2856 1101 2890; x_wconf 78' lang='grc' dir='ltr'>Θεοῦ</span> 
     </span>
     <span class='ocr_line' id='line_1_46' title="bbox 75 2910 1103 2967; baseline 0.006 -20"><span class='ocrx_word' id='word_1_360' title='bbox 75 2910 134 2948; x_wconf 81' lang='grc' dir='ltr'>τὸν</span> <span class='ocrx_word' id='word_1_361' title='bbox 151 2911 271 2963; x_wconf 72' lang='grc' dir='ltr'>ἐχθρὸν</span> <span class='ocrx_word' id='word_1_362' title='bbox 292 2911 462 2963; x_wconf 76' lang='grc' dir='ltr'>ἐσφάξατε</span> <span class='ocrx_word' id='word_1_363' title='bbox 481 2928 488 2935; x_wconf 90' lang='grc'><em>·</em></span> <span class='ocrx_word' id='word_1_364' title='bbox 511 2912 618 2963; x_wconf 88' lang='grc' dir='ltr'>μανία</span> <span class='ocrx_word' id='word_1_365' title='bbox 634 2917 743 2950; x_wconf 89' lang='grc' dir='ltr'>ταῦτα</span> <span class='ocrx_word' id='word_1_366' title='bbox 761 2913 819 2951; x_wconf 72' lang='grc' dir='ltr'>καὶ</span> <span class='ocrx_word' id='word_1_367' title='bbox 839 2915 957 2966; x_wconf 74' lang='grc' dir='ltr'>λῆρος.</span> <span class='ocrx_word' id='word_1_368' title='bbox 976 2914 1015 2952; x_wconf 75' lang='grc' dir='ltr'>Ἃ</span> <span class='ocrx_word' id='word_1_369' title='bbox 1036 2915 1103 2967; x_wconf 79' lang='grc' dir='ltr'>γὰρ</span> 
     </span>
     <span class='ocr_line' id='line_1_47' title="bbox 76 2971 1103 3027; baseline 0.005 -19"><span class='ocrx_word' id='word_1_370' title='bbox 76 2971 233 3023; x_wconf 73' lang='grc' dir='ltr'>πάσχετε</span> <span class='ocrx_word' id='word_1_371' title='bbox 251 2976 324 3017; x_wconf 89' lang='grc' dir='ltr'>νῦν,</span> <span class='ocrx_word' id='word_1_372' title='bbox 345 2974 384 3010; x_wconf 83' lang='grc' dir='ltr'>οὐ</span> <span class='ocrx_word' id='word_1_373' title='bbox 405 2976 474 3010; x_wconf 81' lang='grc' dir='ltr'>τῶν</span> <span class='ocrx_word' id='word_1_374' title='bbox 500 2973 642 3025; x_wconf 64' lang='grc' dir='ltr'>ἐχθροὺς</span> <span class='ocrx_word' id='word_1_375' title='bbox 671 2979 731 3012; x_wconf 83' lang='grc' dir='ltr'>τοῦ</span> <span class='ocrx_word' id='word_1_376' title='bbox 759 2977 852 3012; x_wconf 80' lang='grc' dir='ltr'>Θεοῦ</span> <span class='ocrx_word' id='word_1_377' title='bbox 871 2975 1103 3027; x_wconf 81' lang='grc' dir='ltr'>ἀναιρούντων</span> 
     </span>
     <span class='ocr_line' id='line_1_48' title="bbox 78 3030 1105 3087; baseline 0.003 -17"><span class='ocrx_word' id='word_1_378' title='bbox 78 3032 186 3080; x_wconf 77' lang='grc' dir='ltr'>ἐστὶν,</span> <span class='ocrx_word' id='word_1_379' title='bbox 226 3032 316 3070; x_wconf 85' lang='grc' dir='ltr'>ἀλλὰ</span> <span class='ocrx_word' id='word_1_380' title='bbox 345 3037 414 3071; x_wconf 74' lang='grc' dir='ltr'>τῶν</span> <span class='ocrx_word' id='word_1_381' title='bbox 453 3036 574 3086; x_wconf 74' lang='grc' dir='ltr'>φίλους</span> <span class='ocrx_word' id='word_1_382' title='bbox 609 3034 874 3087; x_wconf 67' lang='grc' dir='ltr'>διαχρ(ι)με’ν(ι)ν.</span> <span class='ocrx_word' id='word_1_383' title='bbox 908 3036 1038 3082; x_wconf 46' lang='lat' dir='ltr'>QUO,</span> <span class='ocrx_word' id='word_1_384' title='bbox 1077 3030 1105 3073; x_wconf 57' lang='grc' dir='ltr'>δ’)</span> 
     </span>
     <span class='ocr_line' id='line_1_49' title="bbox 78 3095 1107 3150; baseline 0.005 -19"><span class='ocrx_word' id='word_1_385' title='bbox 78 3096 167 3141; x_wconf 80' lang='grc' dir='ltr'>’τᾶν,</span> <span class='ocrx_word' id='word_1_386' title='bbox 198 3098 308 3132; x_wconf 85' lang='grc' dir='ltr'>ταῦτα</span> <span class='ocrx_word' id='word_1_387' title='bbox 346 3097 383 3133; x_wconf 84' lang='grc' dir='ltr'>οὐ</span> <span class='ocrx_word' id='word_1_388' title='bbox 421 3095 579 3147; x_wconf 83' lang='grc' dir='ltr'>λέγομεν,</span> <span class='ocrx_word' id='word_1_389' title='bbox 612 3095 713 3148; x_wconf 73' lang='grc' dir='ltr'>φασί·</span> <span class='ocrx_word' id='word_1_390' title='bbox 749 3096 804 3134; x_wconf 87' lang='grc' dir='ltr'>διὰ</span> <span class='ocrx_word' id='word_1_391' title='bbox 839 3097 899 3140; x_wconf 83' lang='grc' dir='ltr'>τὰς</span> <span class='ocrx_word' id='word_1_392' title='bbox 933 3098 1107 3150; x_wconf 84' lang='grc' dir='ltr'>ἁμαρτίας</span> 
     </span>
    </p>
   </div>
   <div class='ocr_carea' id='block_1_3' title="bbox 1128 2554 1152 2583">
    <p class='ocr_par' dir='ltr' id='par_1_3' title="bbox 1128 2554 1152 2583">
     <span class='ocr_line' id='line_1_50' title="bbox 1128 2554 1152 2583; baseline -0.042 0"><span class='ocrx_word' id='word_1_393' title='bbox 1128 2554 1152 2583; x_wconf 82' lang='lat' dir='ltr'>l)</span> 
     </span>
    </p>
   </div>
   <div class='ocr_carea' id='block_1_4' title="bbox 2074 132 2130 175">
    <p class='ocr_par' dir='ltr' id='par_1_4' title="bbox 2074 132 2130 175">
     <span class='ocr_line' id='line_1_51' title="bbox 2074 132 2130 175; baseline -0.018 -1"><span class='ocrx_word' id='word_1_394' title='bbox 2074 132 2130 175; x_wconf 70' lang='lat'>07</span> 
     </span>
    </p>
   </div>
   <div class='ocr_carea' id='block_1_5' title="bbox 1176 207 2141 2341">
    <p class='ocr_par' dir='ltr' id='par_1_5' title="bbox 1176 207 2141 2341">
     <span class='ocr_line' id='line_1_52' title="bbox 1179 207 2135 262; baseline 0.002 -15"><span class='ocrx_word' id='word_1_395' title='bbox 1179 218 1299 262; x_wconf 82' lang='lat' dir='ltr'>postea</span> <span class='ocrx_word' id='word_1_396' title='bbox 1315 217 1435 247; x_wconf 83' lang='lat' dir='ltr'>autem</span> <span class='ocrx_word' id='word_1_397' title='bbox 1470 207 1594 246; x_wconf 85' lang='lat' dir='ltr'>urbem</span> <span class='ocrx_word' id='word_1_398' title='bbox 1618 222 1759 259; x_wconf 87' lang='lat' dir='ltr'>quoque</span> <span class='ocrx_word' id='word_1_399' title='bbox 1778 222 1900 246; x_wconf 89' lang='lat' dir='ltr'>eorum</span> <span class='ocrx_word' id='word_1_400' title='bbox 1916 211 2052 259; x_wconf 81' lang='lat' dir='ltr'>evertit,</span> <span class='ocrx_word' id='word_1_401' title='bbox 2072 225 2135 249; x_wconf 80' lang='lat' dir='ltr'>nee</span> 
     </span>
     <span class='ocr_line' id='line_1_53' title="bbox 1179 269 2134 322; baseline 0.002 -15"><span class='ocrx_word' id='word_1_402' title='bbox 1179 280 1231 308; x_wconf 85' lang='lat' dir='ltr'>est</span> <span class='ocrx_word' id='word_1_403' title='bbox 1252 270 1323 307; x_wconf 87' lang='lat' dir='ltr'>ulla</span> <span class='ocrx_word' id='word_1_404' title='bbox 1342 285 1424 322; x_wconf 88' lang='lat' dir='ltr'>pars</span> <span class='ocrx_word' id='word_1_405' title='bbox 1449 270 1558 308; x_wconf 89' lang='lat' dir='ltr'>totius</span> <span class='ocrx_word' id='word_1_406' title='bbox 1575 269 1672 307; x_wconf 90' lang='lat' dir='ltr'>orbis</span> <span class='ocrx_word' id='word_1_407' title='bbox 1690 279 1865 307; x_wconf 85' lang='lat' dir='ltr'>terrarum</span> <span class='ocrx_word' id='word_1_408' title='bbox 1880 300 1889 318; x_wconf 89' lang='lat'>,</span> <span class='ocrx_word' id='word_1_409' title='bbox 1906 285 1984 321; x_wconf 83' lang='lat' dir='ltr'>quae</span> <span class='ocrx_word' id='word_1_410' title='bbox 2001 272 2043 308; x_wconf 85' lang='lat' dir='ltr'>sit</span> <span class='ocrx_word' id='word_1_411' title='bbox 2072 275 2092 311; x_wconf 88' lang='lat' dir='ltr'>J</span> <span class='ocrx_word' id='word_1_412' title='bbox 2097 288 2134 310; x_wconf 87' lang='grc' dir='ltr'>ιι-</span> 
     </span>
     <span class='ocr_line' id='line_1_54' title="bbox 1178 330 2132 383; baseline 0.002 -15"><span class='ocrx_word' id='word_1_413' title='bbox 1178 330 1338 369; x_wconf 79' lang='lat' dir='ltr'>daeorum</span> <span class='ocrx_word' id='word_1_414' title='bbox 1355 330 1567 369; x_wconf 77' lang='lat' dir='ltr'>calamitatis</span> <span class='ocrx_word' id='word_1_415' title='bbox 1584 345 1709 383; x_wconf 80' lang='lat' dir='ltr'><strong>expers</strong></span> <span class='ocrx_word' id='word_1_416' title='bbox 1727 346 1734 366; x_wconf 93' lang='lat'><strong>:</strong></span> <span class='ocrx_word' id='word_1_417' title='bbox 1756 330 1816 368; x_wconf 86' lang='lat' dir='ltr'>sed</span> <span class='ocrx_word' id='word_1_418' title='bbox 1832 331 2132 381; x_wconf 83' lang='lat' dir='ltr'>quemadmodum</span> 
     </span>
     <span class='ocr_line' id='line_1_55' title="bbox 1177 391 2134 444; baseline 0.001 -14"><span class='ocrx_word' id='word_1_419' title='bbox 1177 392 1240 443; x_wconf 86' lang='lat' dir='ltr'>qui</span> <span class='ocrx_word' id='word_1_420' title='bbox 1261 406 1405 444; x_wconf 82' lang='lat' dir='ltr'>corpore</span> <span class='ocrx_word' id='word_1_421' title='bbox 1432 401 1483 429; x_wconf 88' lang='lat' dir='ltr'>est</span> <span class='ocrx_word' id='word_1_422' title='bbox 1514 392 1640 429; x_wconf 88' lang='lat' dir='ltr'>mutilo</span> <span class='ocrx_word' id='word_1_423' title='bbox 1653 422 1664 441; x_wconf 90' lang='lat'>,</span> <span class='ocrx_word' id='word_1_424' title='bbox 1693 391 1850 442; x_wconf 85' lang='lat' dir='ltr'>undique</span> <span class='ocrx_word' id='word_1_425' title='bbox 1880 392 2134 431; x_wconf 73' lang='lat' dir='ltr'>circumcursat</span> 
     </span>
     <span class='ocr_line' id='line_1_56' title="bbox 1180 452 2134 505; baseline 0.002 -16"><span class='ocrx_word' id='word_1_426' title='bbox 1180 467 1242 491; x_wconf 87' lang='lat' dir='ltr'>sua</span> <span class='ocrx_word' id='word_1_427' title='bbox 1263 453 1410 491; x_wconf 82' lang='lat' dir='ltr'>vulnera</span> <span class='ocrx_word' id='word_1_428' title='bbox 1437 462 1627 501; x_wconf 81' lang='lat' dir='ltr'><strong>ostentans,</strong></span> <span class='ocrx_word' id='word_1_429' title='bbox 1647 462 1681 490; x_wconf 88' lang='lat' dir='ltr'>et</span> <span class='ocrx_word' id='word_1_430' title='bbox 1711 452 2015 504; x_wconf 81' lang='lat' dir='ltr'>quemadmodum</span> <span class='ocrx_word' id='word_1_431' title='bbox 2035 454 2134 505; x_wconf 84' lang='lat' dir='ltr'>judi—</span> 
     </span>
     <span class='ocr_line' id='line_1_57' title="bbox 1180 513 2132 563; baseline 0.001 -12"><span class='ocrx_word' id='word_1_432' title='bbox 1180 527 1235 551; x_wconf 88' lang='lat' dir='ltr'>ces</span> <span class='ocrx_word' id='word_1_433' title='bbox 1251 528 1334 551; x_wconf 92' lang='lat' dir='ltr'>cum</span> <span class='ocrx_word' id='word_1_434' title='bbox 1355 514 1488 551; x_wconf 90' lang='lat' dir='ltr'>multos</span> <span class='ocrx_word' id='word_1_435' title='bbox 1508 513 1703 551; x_wconf 87' lang='lat' dir='ltr'>homicidas</span> <span class='ocrx_word' id='word_1_436' title='bbox 1713 514 1757 551; x_wconf 86' lang='lat' dir='ltr'>de</span> <span class='ocrx_word' id='word_1_437' title='bbox 1767 514 1883 551; x_wconf 85' lang='lat' dir='ltr'>medio</span> <span class='ocrx_word' id='word_1_438' title='bbox 1905 515 2132 563; x_wconf 81' lang='lat' dir='ltr'><strong>sustulerint,</strong></span> 
     </span>
     <span class='ocr_line' id='line_1_58' title="bbox 1179 575 2136 628; baseline 0.003 -17"><span class='ocrx_word' id='word_1_439' title='bbox 1179 588 1293 612; x_wconf 90' lang='lat' dir='ltr'>unum</span> <span class='ocrx_word' id='word_1_440' title='bbox 1316 575 1422 612; x_wconf 79' lang='lat' dir='ltr'>furcae</span> <span class='ocrx_word' id='word_1_441' title='bbox 1441 575 1606 627; x_wconf 84' lang='lat' dir='ltr'>affigunt,</span> <span class='ocrx_word' id='word_1_442' title='bbox 1624 584 1662 612; x_wconf 90' lang='lat' dir='ltr'>ut</span> <span class='ocrx_word' id='word_1_443' title='bbox 1683 575 1769 627; x_wconf 88' lang='lat' dir='ltr'>ipsis</span> <span class='ocrx_word' id='word_1_444' title='bbox 1788 576 1937 614; x_wconf 83' lang='lat' dir='ltr'>mortuis</span> <span class='ocrx_word' id='word_1_445' title='bbox 1952 585 2136 628; x_wconf 83' lang='lat' dir='ltr'>tamquam</span> 
     </span>
     <span class='ocr_line' id='line_1_59' title="bbox 1179 635 2135 688; baseline 0.004 -16"><span class='ocrx_word' id='word_1_446' title='bbox 1179 635 1356 674; x_wconf 81' lang='lat' dir='ltr'>inflictum</span> <span class='ocrx_word' id='word_1_447' title='bbox 1375 636 1593 688; x_wconf 84' lang='lat' dir='ltr'>supplicium</span> <span class='ocrx_word' id='word_1_448' title='bbox 1614 636 1718 675; x_wconf 77' lang='lat' dir='ltr'>vivos</span> <span class='ocrx_word' id='word_1_449' title='bbox 1739 646 1895 674; x_wconf 86' lang='lat' dir='ltr'>coerceat</span> <span class='ocrx_word' id='word_1_450' title='bbox 1912 646 1945 674; x_wconf 91' lang='lat' dir='ltr'>et</span> <span class='ocrx_word' id='word_1_451' title='bbox 1964 637 2000 674; x_wconf 90' lang='lat' dir='ltr'>in</span> <span class='ocrx_word' id='word_1_452' title='bbox 2017 638 2135 676; x_wconf 84' lang='lat' dir='ltr'>officio</span> 
     </span>
     <span class='ocr_line' id='line_1_60' title="bbox 1179 697 2136 747; baseline 0.003 -13"><span class='ocrx_word' id='word_1_453' title='bbox 1179 697 1354 735; x_wconf 87' lang='lat' dir='ltr'>contineat</span> <span class='ocrx_word' id='word_1_454' title='bbox 1372 713 1379 733; x_wconf 93' lang='lat'><strong>:</strong></span> <span class='ocrx_word' id='word_1_455' title='bbox 1397 697 1446 734; x_wconf 90' lang='lat' dir='ltr'>ita</span> <span class='ocrx_word' id='word_1_456' title='bbox 1460 697 1518 734; x_wconf 89' lang='lat' dir='ltr'>hie</span> <span class='ocrx_word' id='word_1_457' title='bbox 1534 697 1640 734; x_wconf 88' lang='lat' dir='ltr'>etiam</span> <span class='ocrx_word' id='word_1_458' title='bbox 1666 711 1737 734; x_wconf 93' lang='lat' dir='ltr'>non</span> <span class='ocrx_word' id='word_1_459' title='bbox 1763 707 1941 747; x_wconf 88' lang='lat' dir='ltr'>mortuos,</span> <span class='ocrx_word' id='word_1_460' title='bbox 1957 698 2018 736; x_wconf 86' lang='lat' dir='ltr'>sed</span> <span class='ocrx_word' id='word_1_461' title='bbox 2033 699 2136 737; x_wconf 68' lang='lat' dir='ltr'>vivos</span> 
     </span>
     <span class='ocr_line' id='line_1_61' title="bbox 1179 757 2134 811; baseline 0.002 -16"><span class='ocrx_word' id='word_1_462' title='bbox 1179 758 1346 796; x_wconf 86' lang='lat' dir='ltr'>omnibus</span> <span class='ocrx_word' id='word_1_463' title='bbox 1365 758 1572 810; x_wconf 80' lang='lat' dir='ltr'>exemplum</span> <span class='ocrx_word' id='word_1_464' title='bbox 1598 757 1795 810; x_wconf 78' lang='lat' dir='ltr'>proposuit,</span> <span class='ocrx_word' id='word_1_465' title='bbox 1813 772 1870 796; x_wconf 89' lang='lat' dir='ltr'>eos</span> <span class='ocrx_word' id='word_1_466' title='bbox 1897 758 2104 811; x_wconf 84' lang='lat' dir='ltr'>dispergens</span> <span class='ocrx_word' id='word_1_467' title='bbox 2122 776 2134 809; x_wconf 74' lang='lat'>5</span> 
     </span>
     <span class='ocr_line' id='line_1_62' title="bbox 1179 819 2136 870; baseline 0.002 -14"><span class='ocrx_word' id='word_1_468' title='bbox 1179 828 1212 856; x_wconf 87' lang='lat' dir='ltr'>et</span> <span class='ocrx_word' id='word_1_469' title='bbox 1241 819 1304 870; x_wconf 89' lang='lat' dir='ltr'>qui</span> <span class='ocrx_word' id='word_1_470' title='bbox 1324 834 1432 857; x_wconf 82' lang='lat' dir='ltr'>unam</span> <span class='ocrx_word' id='word_1_471' title='bbox 1457 819 1667 857; x_wconf 80' lang='lat' dir='ltr'><strong>habitabant</strong></span> <span class='ocrx_word' id='word_1_472' title='bbox 1694 819 1871 870; x_wconf 80' lang='lat' dir='ltr'>regionem</span> <span class='ocrx_word' id='word_1_473' title='bbox 1888 849 1898 869; x_wconf 90' lang='lat'>,</span> <span class='ocrx_word' id='word_1_474' title='bbox 1928 834 2022 858; x_wconf 86' lang='lat' dir='ltr'>nunc</span> <span class='ocrx_word' id='word_1_475' title='bbox 2055 831 2136 859; x_wconf 88' lang='lat' dir='ltr'>sunt</span> 
     </span>
     <span class='ocr_line' id='line_1_63' title="bbox 1179 880 2136 933; baseline 0.001 -15"><span class='ocrx_word' id='word_1_476' title='bbox 1179 880 1330 933; x_wconf 87' lang='lat' dir='ltr'>dispersi</span> <span class='ocrx_word' id='word_1_477' title='bbox 1346 896 1409 933; x_wconf 83' lang='lat' dir='ltr'>per</span> <span class='ocrx_word' id='word_1_478' title='bbox 1421 890 1538 919; x_wconf 90' lang='lat' dir='ltr'>totum</span> <span class='ocrx_word' id='word_1_479' title='bbox 1557 881 1681 919; x_wconf 82' lang='lat' dir='ltr'>orbem</span> <span class='ocrx_word' id='word_1_480' title='bbox 1711 890 1898 918; x_wconf 85' lang='lat' dir='ltr'>terrarum.</span> <span class='ocrx_word' id='word_1_481' title='bbox 1917 881 1964 919; x_wconf 87' lang='lat' dir='ltr'>Et</span> <span class='ocrx_word' id='word_1_482' title='bbox 1999 882 2028 919; x_wconf 90' lang='lat' dir='ltr'>si</span> <span class='ocrx_word' id='word_1_483' title='bbox 2056 897 2136 920; x_wconf 88' lang='lat' dir='ltr'>eau-</span> 
     </span>
     <span class='ocr_line' id='line_1_64' title="bbox 1179 942 2137 994; baseline 0.001 -14"><span class='ocrx_word' id='word_1_484' title='bbox 1179 956 1256 980; x_wconf 85' lang='lat' dir='ltr'>sam</span> <span class='ocrx_word' id='word_1_485' title='bbox 1272 942 1477 993; x_wconf 75' lang='lat' dir='ltr'>rogaveris,</span> <span class='ocrx_word' id='word_1_486' title='bbox 1511 943 1648 980; x_wconf 86' lang='lat' dir='ltr'>nullam</span> <span class='ocrx_word' id='word_1_487' title='bbox 1675 942 1783 979; x_wconf 82' lang='lat' dir='ltr'>aliam</span> <span class='ocrx_word' id='word_1_488' title='bbox 1810 942 1966 981; x_wconf 65' lang='lat' dir='ltr'>invenies</span> <span class='ocrx_word' id='word_1_489' title='bbox 1987 973 1997 992; x_wconf 91' lang='lat'>,</span> <span class='ocrx_word' id='word_1_490' title='bbox 2028 958 2137 994; x_wconf 85' lang='lat' dir='ltr'>quam</span> 
     </span>
     <span class='ocr_line' id='line_1_65' title="bbox 1183 1004 2137 1054; baseline 0.002 -14"><span class='ocrx_word' id='word_1_491' title='bbox 1183 1004 1280 1054; x_wconf 86' lang='lat' dir='ltr'>quod</span> <span class='ocrx_word' id='word_1_492' title='bbox 1293 1004 1478 1042; x_wconf 84' lang='lat' dir='ltr'>Christum</span> <span class='ocrx_word' id='word_1_493' title='bbox 1494 1004 1762 1041; x_wconf 80' lang='lat' dir='ltr'>erucifixerunt.</span> <span class='ocrx_word' id='word_1_494' title='bbox 1782 1004 1855 1041; x_wconf 92' lang='lat' dir='ltr'>Cur</span> <span class='ocrx_word' id='word_1_495' title='bbox 1870 1004 1976 1053; x_wconf 90' lang='lat' dir='ltr'>enim,</span> <span class='ocrx_word' id='word_1_496' title='bbox 1995 1004 2054 1043; x_wconf 78' lang='lat' dir='ltr'>djc</span> <span class='ocrx_word' id='word_1_497' title='bbox 2072 1004 2137 1042; x_wconf 85' lang='lat' dir='ltr'>mi-</span> 
     </span>
     <span class='ocr_line' id='line_1_66' title="bbox 1181 1065 2136 1117; baseline 0.002 -15"><span class='ocrx_word' id='word_1_498' title='bbox 1181 1065 1232 1114; x_wconf 88' lang='lat' dir='ltr'>hi,</span> <span class='ocrx_word' id='word_1_499' title='bbox 1247 1066 1315 1103; x_wconf 87' lang='lat' dir='ltr'>hoc</span> <span class='ocrx_word' id='word_1_500' title='bbox 1329 1065 1376 1103; x_wconf 83' lang='lat' dir='ltr'>ita</span> <span class='ocrx_word' id='word_1_501' title='bbox 1397 1066 1531 1103; x_wconf 79' lang='lat' dir='ltr'>factum</span> <span class='ocrx_word' id='word_1_502' title='bbox 1547 1079 1615 1103; x_wconf 90' lang='lat' dir='ltr'>non</span> <span class='ocrx_word' id='word_1_503' title='bbox 1634 1065 1711 1103; x_wconf 69' lang='lat' dir='ltr'>est?</span> <span class='ocrx_word' id='word_1_504' title='bbox 1727 1065 1798 1103; x_wconf 87' lang='lat' dir='ltr'>Sed</span> <span class='ocrx_word' id='word_1_505' title='bbox 1814 1074 1847 1103; x_wconf 88' lang='lat' dir='ltr'>et</span> <span class='ocrx_word' id='word_1_506' title='bbox 1867 1067 1895 1103; x_wconf 87' lang='lat' dir='ltr'>si</span> <span class='ocrx_word' id='word_1_507' title='bbox 1925 1065 1961 1103; x_wconf 91' lang='lat' dir='ltr'>id</span> <span class='ocrx_word' id='word_1_508' title='bbox 1977 1066 2136 1117; x_wconf 87' lang='lat' dir='ltr'>aliquan-</span> 
     </span>
     <span class='ocr_line' id='line_1_67' title="bbox 1177 1125 2136 1178; baseline 0.003 -15"><span class='ocrx_word' id='word_1_509' title='bbox 1177 1125 1225 1163; x_wconf 91' lang='lat' dir='ltr'>do</span> <span class='ocrx_word' id='word_1_510' title='bbox 1241 1127 1375 1164; x_wconf 85' lang='lat' dir='ltr'>factum</span> <span class='ocrx_word' id='word_1_511' title='bbox 1392 1136 1442 1164; x_wconf 88' lang='lat' dir='ltr'>est</span> <span class='ocrx_word' id='word_1_512' title='bbox 1457 1157 1468 1176; x_wconf 90' lang='lat'>,</span> <span class='ocrx_word' id='word_1_513' title='bbox 1485 1127 1521 1164; x_wconf 91' lang='lat' dir='ltr'>in</span> <span class='ocrx_word' id='word_1_514' title='bbox 1553 1140 1662 1164; x_wconf 87' lang='lat' dir='ltr'>unam</span> <span class='ocrx_word' id='word_1_515' title='bbox 1682 1136 1822 1178; x_wconf 82' lang='lat' dir='ltr'>gentem</span> <span class='ocrx_word' id='word_1_516' title='bbox 1855 1127 2001 1165; x_wconf 84' lang='lat' dir='ltr'>abducti</span> <span class='ocrx_word' id='word_1_517' title='bbox 2029 1138 2110 1166; x_wconf 90' lang='lat' dir='ltr'>sunt</span> <span class='ocrx_word' id='word_1_518' title='bbox 2126 1160 2136 1177; x_wconf 94' lang='lat'>,</span> 
     </span>
     <span class='ocr_line' id='line_1_68' title="bbox 1179 1186 2138 1239; baseline 0.003 -15"><span class='ocrx_word' id='word_1_519' title='bbox 1179 1196 1212 1224; x_wconf 88' lang='lat' dir='ltr'>et</span> <span class='ocrx_word' id='word_1_520' title='bbox 1228 1186 1274 1224; x_wconf 90' lang='lat' dir='ltr'>ad</span> <span class='ocrx_word' id='word_1_521' title='bbox 1293 1202 1424 1239; x_wconf 84' lang='lat' dir='ltr'>paucos</span> <span class='ocrx_word' id='word_1_522' title='bbox 1441 1202 1550 1225; x_wconf 87' lang='lat' dir='ltr'>annos</span> <span class='ocrx_word' id='word_1_523' title='bbox 1574 1204 1581 1223; x_wconf 91' lang='lat'><strong>:</strong></span> <span class='ocrx_word' id='word_1_524' title='bbox 1600 1202 1695 1225; x_wconf 87' lang='lat' dir='ltr'>nunc</span> <span class='ocrx_word' id='word_1_525' title='bbox 1713 1197 1832 1226; x_wconf 89' lang='lat' dir='ltr'>autem</span> <span class='ocrx_word' id='word_1_526' title='bbox 1848 1203 1917 1226; x_wconf 91' lang='lat' dir='ltr'>non</span> <span class='ocrx_word' id='word_1_527' title='bbox 1934 1189 1995 1237; x_wconf 88' lang='lat' dir='ltr'>sic,</span> <span class='ocrx_word' id='word_1_528' title='bbox 2011 1189 2072 1227; x_wconf 89' lang='lat' dir='ltr'>sed</span> <span class='ocrx_word' id='word_1_529' title='bbox 2086 1190 2138 1228; x_wconf 89' lang='lat' dir='ltr'>in—</span> 
     </span>
     <span class='ocr_line' id='line_1_69' title="bbox 1178 1248 2136 1301; baseline 0.003 -16"><span class='ocrx_word' id='word_1_530' title='bbox 1178 1248 1280 1285; x_wconf 86' lang='lat' dir='ltr'>finito</span> <span class='ocrx_word' id='word_1_531' title='bbox 1295 1248 1471 1300; x_wconf 88' lang='lat' dir='ltr'>supplicio</span> <span class='ocrx_word' id='word_1_532' title='bbox 1484 1249 1698 1301; x_wconf 84' lang='lat' dir='ltr'>puniuntur.</span> <span class='ocrx_word' id='word_1_533' title='bbox 1720 1249 1767 1286; x_wconf 86' lang='lat' dir='ltr'>Et</span> <span class='ocrx_word' id='word_1_534' title='bbox 1799 1249 1828 1286; x_wconf 91' lang='lat' dir='ltr'>si</span> <span class='ocrx_word' id='word_1_535' title='bbox 1857 1264 1914 1287; x_wconf 91' lang='lat' dir='ltr'>eos</span> <span class='ocrx_word' id='word_1_536' title='bbox 1934 1251 2113 1301; x_wconf 73' lang='lat' dir='ltr'>rogaveris</span> <span class='ocrx_word' id='word_1_537' title='bbox 2130 1268 2136 1287; x_wconf 91' lang='lat'>:</span> 
     </span>
     <span class='ocr_line' id='line_1_70' title="bbox 1180 1309 2137 1358; baseline 0.005 -12"><span class='ocrx_word' id='word_1_538' title='bbox 1180 1310 1254 1346; x_wconf 92' lang='lat' dir='ltr'>Cur</span> <span class='ocrx_word' id='word_1_539' title='bbox 1268 1309 1452 1347; x_wconf 87' lang='lat' dir='ltr'>Christum</span> <span class='ocrx_word' id='word_1_540' title='bbox 1469 1310 1700 1348; x_wconf 86' lang='lat' dir='ltr'>crucifixistis</span> <span class='ocrx_word' id='word_1_541' title='bbox 1714 1311 1731 1347; x_wconf 69' lang='grc' dir='ltr'>Ξ)</span> <span class='ocrx_word' id='word_1_542' title='bbox 1746 1310 1872 1348; x_wconf 88' lang='lat' dir='ltr'>dicunt</span> <span class='ocrx_word' id='word_1_543' title='bbox 1888 1327 1895 1347; x_wconf 92' lang='lat'><strong>:</strong></span> <span class='ocrx_word' id='word_1_544' title='bbox 1913 1311 2020 1358; x_wconf 90' lang='lat' dir='ltr'>Quod</span> <span class='ocrx_word' id='word_1_545' title='bbox 2050 1322 2137 1351; x_wconf 85' lang='lat' dir='ltr'>esset</span> 
     </span>
     <span class='ocr_line' id='line_1_71' title="bbox 1178 1370 2138 1427; baseline 0.005 -19"><span class='ocrx_word' id='word_1_546' title='bbox 1178 1370 1343 1424; x_wconf 85' lang='lat' dir='ltr'>deceptor</span> <span class='ocrx_word' id='word_1_547' title='bbox 1356 1380 1390 1409; x_wconf 88' lang='lat' dir='ltr'>et</span> <span class='ocrx_word' id='word_1_548' title='bbox 1406 1372 1652 1424; x_wconf 76' lang='lat' dir='ltr'>praestigiator.</span> <span class='ocrx_word' id='word_1_549' title='bbox 1668 1374 1745 1411; x_wconf 79' lang='lat' dir='ltr'>Vos</span> <span class='ocrx_word' id='word_1_550' title='bbox 1762 1386 1845 1424; x_wconf 75' lang='lat' dir='ltr'>ergo</span> <span class='ocrx_word' id='word_1_551' title='bbox 1860 1374 2043 1426; x_wconf 78' lang='lat' dir='ltr'>oportebat</span> <span class='ocrx_word' id='word_1_552' title='bbox 2058 1389 2138 1427; x_wconf 90' lang='lat' dir='ltr'>pro-</span> 
     </span>
     <span class='ocr_line' id='line_1_72' title="bbox 1178 1433 2141 1487; baseline 0.004 -17"><span class='ocrx_word' id='word_1_553' title='bbox 1178 1441 1277 1484; x_wconf 84' lang='lat' dir='ltr'>ptera</span> <span class='ocrx_word' id='word_1_554' title='bbox 1293 1433 1473 1483; x_wconf 87' lang='lat' dir='ltr'>honorari,</span> <span class='ocrx_word' id='word_1_555' title='bbox 1489 1442 1522 1470; x_wconf 89' lang='lat' dir='ltr'>et</span> <span class='ocrx_word' id='word_1_556' title='bbox 1541 1434 1630 1471; x_wconf 79' lang='lat' dir='ltr'>lines</span> <span class='ocrx_word' id='word_1_557' title='bbox 1646 1443 1784 1472; x_wconf 83' lang='lat' dir='ltr'>vestros</span> <span class='ocrx_word' id='word_1_558' title='bbox 1803 1435 2004 1486; x_wconf 79' lang='lat' dir='ltr'>propagari,</span> <span class='ocrx_word' id='word_1_559' title='bbox 2019 1445 2058 1473; x_wconf 91' lang='lat' dir='ltr'>ut</span> <span class='ocrx_word' id='word_1_560' title='bbox 2078 1437 2141 1487; x_wconf 86' lang='lat' dir='ltr'>qui</span> 
     </span>
     <span class='ocr_line' id='line_1_73' title="bbox 1179 1494 2140 1549; baseline 0.004 -18"><span class='ocrx_word' id='word_1_561' title='bbox 1179 1494 1254 1531; x_wconf 89' lang='lat' dir='ltr'>Deo</span> <span class='ocrx_word' id='word_1_562' title='bbox 1274 1494 1443 1532; x_wconf 83' lang='lat' dir='ltr'>fecissetis</span> <span class='ocrx_word' id='word_1_563' title='bbox 1457 1509 1531 1532; x_wconf 85' lang='lat' dir='ltr'>rem</span> <span class='ocrx_word' id='word_1_564' title='bbox 1554 1504 1703 1546; x_wconf 80' lang='lat' dir='ltr'>gratam.</span> <span class='ocrx_word' id='word_1_565' title='bbox 1717 1495 1789 1541; x_wconf 86' lang='lat' dir='ltr'>Qui</span> <span class='ocrx_word' id='word_1_566' title='bbox 1808 1495 1902 1533; x_wconf 86' lang='lat' dir='ltr'>enim</span> <span class='ocrx_word' id='word_1_567' title='bbox 1916 1496 2140 1549; x_wconf 78' lang='lat' dir='ltr'>deceptorem</span> 
     </span>
     <span class='ocr_line' id='line_1_74' title="bbox 1178 1556 2139 1608; baseline 0.004 -16"><span class='ocrx_word' id='word_1_568' title='bbox 1178 1564 1211 1592; x_wconf 89' lang='lat' dir='ltr'>et</span> <span class='ocrx_word' id='word_1_569' title='bbox 1227 1556 1520 1608; x_wconf 82' lang='lat' dir='ltr'>praestigiatorem</span> <span class='ocrx_word' id='word_1_570' title='bbox 1536 1570 1577 1594; x_wconf 89' lang='lat' dir='ltr'>ae</span> <span class='ocrx_word' id='word_1_571' title='bbox 1596 1556 1663 1594; x_wconf 90' lang='lat' dir='ltr'>Dei</span> <span class='ocrx_word' id='word_1_572' title='bbox 1689 1556 1936 1595; x_wconf 73' lang='lat' dir='ltr'>adversarium</span> <span class='ocrx_word' id='word_1_573' title='bbox 1952 1558 1997 1596; x_wconf 89' lang='lat' dir='ltr'>de</span> <span class='ocrx_word' id='word_1_574' title='bbox 2021 1558 2139 1596; x_wconf 89' lang='lat' dir='ltr'>medio</span> 
     </span>
     <span class='ocr_line' id='line_1_75' title="bbox 1178 1617 2140 1670; baseline 0.006 -17"><span class='ocrx_word' id='word_1_575' title='bbox 1178 1617 1374 1667; x_wconf 81' lang='lat' dir='ltr'>sustulerit,</span> <span class='ocrx_word' id='word_1_576' title='bbox 1390 1618 1420 1656; x_wconf 88' lang='lat' dir='ltr'>is</span> <span class='ocrx_word' id='word_1_577' title='bbox 1439 1617 1507 1655; x_wconf 84' lang='lat' dir='ltr'>Dei</span> <span class='ocrx_word' id='word_1_578' title='bbox 1520 1618 1658 1656; x_wconf 88' lang='lat' dir='ltr'>hostem</span> <span class='ocrx_word' id='word_1_579' title='bbox 1672 1619 1816 1656; x_wconf 86' lang='lat' dir='ltr'>sustulit</span> <span class='ocrx_word' id='word_1_580' title='bbox 1838 1635 1845 1655; x_wconf 90' lang='lat'>:</span> <span class='ocrx_word' id='word_1_581' title='bbox 1860 1620 1923 1670; x_wconf 88' lang='lat' dir='ltr'>qui</span> <span class='ocrx_word' id='word_1_582' title='bbox 1937 1629 2057 1658; x_wconf 88' lang='lat' dir='ltr'>autem</span> <span class='ocrx_word' id='word_1_583' title='bbox 2075 1621 2140 1660; x_wconf 88' lang='lat' dir='ltr'>ho-</span> 
     </span>
     <span class='ocr_line' id='line_1_76' title="bbox 1177 1679 2138 1731; baseline 0.004 -15"><span class='ocrx_word' id='word_1_584' title='bbox 1177 1687 1267 1716; x_wconf 78' lang='lat' dir='ltr'>stem</span> <span class='ocrx_word' id='word_1_585' title='bbox 1287 1679 1446 1727; x_wconf 78' lang='lat' dir='ltr'>sustulit,</span> <span class='ocrx_word' id='word_1_586' title='bbox 1463 1679 1493 1716; x_wconf 92' lang='lat' dir='ltr'>is</span> <span class='ocrx_word' id='word_1_587' title='bbox 1508 1679 1590 1731; x_wconf 87' lang='lat' dir='ltr'>jure</span> <span class='ocrx_word' id='word_1_588' title='bbox 1603 1679 1737 1731; x_wconf 88' lang='lat' dir='ltr'>optimo</span> <span class='ocrx_word' id='word_1_589' title='bbox 1756 1679 1932 1718; x_wconf 80' lang='lat' dir='ltr'>laudetur.</span> <span class='ocrx_word' id='word_1_590' title='bbox 1958 1682 2062 1719; x_wconf 69' lang='lat' dir='ltr'>Nunc</span> <span class='ocrx_word' id='word_1_591' title='bbox 2075 1697 2138 1720; x_wconf 84' lang='lat' dir='ltr'>au-</span> 
     </span>
     <span class='ocr_line' id='line_1_77' title="bbox 1179 1740 2136 1792; baseline 0.004 -15"><span class='ocrx_word' id='word_1_592' title='bbox 1179 1749 1250 1777; x_wconf 84' lang='lat' dir='ltr'>tem</span> <span class='ocrx_word' id='word_1_593' title='bbox 1266 1741 1416 1778; x_wconf 86' lang='lat' dir='ltr'>Phinees</span> <span class='ocrx_word' id='word_1_594' title='bbox 1429 1740 1526 1791; x_wconf 86' lang='lat' dir='ltr'>quod</span> <span class='ocrx_word' id='word_1_595' title='bbox 1543 1754 1651 1777; x_wconf 89' lang='lat' dir='ltr'>unam</span> <span class='ocrx_word' id='word_1_596' title='bbox 1665 1741 1884 1779; x_wconf 85' lang='lat' dir='ltr'>meretricem</span> <span class='ocrx_word' id='word_1_597' title='bbox 1905 1742 2136 1792; x_wconf 87' lang='lat' dir='ltr'>interfecerit,</span> 
     </span>
     <span class='ocr_line' id='line_1_78' title="bbox 1178 1801 2138 1851; baseline 0.004 -13"><span class='ocrx_word' id='word_1_598' title='bbox 1178 1809 1314 1839; x_wconf 82' lang='lat' dir='ltr'>tantam</span> <span class='ocrx_word' id='word_1_599' title='bbox 1329 1801 1473 1839; x_wconf 89' lang='lat' dir='ltr'>laudem</span> <span class='ocrx_word' id='word_1_600' title='bbox 1490 1815 1510 1838; x_wconf 88' lang='lat' dir='ltr'>a</span> <span class='ocrx_word' id='word_1_601' title='bbox 1527 1802 1601 1838; x_wconf 89' lang='lat' dir='ltr'>Deo</span> <span class='ocrx_word' id='word_1_602' title='bbox 1617 1809 1667 1838; x_wconf 88' lang='lat' dir='ltr'>est</span> <span class='ocrx_word' id='word_1_603' title='bbox 1687 1811 1925 1851; x_wconf 82' lang='lat' dir='ltr'>consequutus</span> <span class='ocrx_word' id='word_1_604' title='bbox 1940 1833 1950 1851; x_wconf 83' lang='lat'>,</span> <span class='ocrx_word' id='word_1_605' title='bbox 1968 1813 2007 1840; x_wconf 87' lang='lat' dir='ltr'>ut</span> <span class='ocrx_word' id='word_1_606' title='bbox 2027 1819 2138 1842; x_wconf 80' lang='lat' dir='ltr'>sacer—</span> 
     </span>
     <span class='ocr_line' id='line_1_79' title="bbox 1176 1862 2135 1915; baseline 0.004 -16"><span class='ocrx_word' id='word_1_607' title='bbox 1176 1862 1274 1900; x_wconf 87' lang='lat' dir='ltr'>dotio</span> <span class='ocrx_word' id='word_1_608' title='bbox 1288 1871 1321 1899; x_wconf 91' lang='lat' dir='ltr'>et</span> <span class='ocrx_word' id='word_1_609' title='bbox 1340 1871 1436 1900; x_wconf 89' lang='lat' dir='ltr'>tanto</span> <span class='ocrx_word' id='word_1_610' title='bbox 1452 1863 1588 1901; x_wconf 84' lang='lat' dir='ltr'>honore</span> <span class='ocrx_word' id='word_1_611' title='bbox 1606 1863 1736 1914; x_wconf 75' lang='lat' dir='ltr'>dignus</span> <span class='ocrx_word' id='word_1_612' title='bbox 1752 1864 1860 1901; x_wconf 87' lang='lat' dir='ltr'>fuerit</span> <span class='ocrx_word' id='word_1_613' title='bbox 1875 1879 1882 1900; x_wconf 90' lang='lat'><strong>:</strong></span> <span class='ocrx_word' id='word_1_614' title='bbox 1908 1878 1971 1901; x_wconf 72' lang='lat' dir='ltr'>vos</span> <span class='ocrx_word' id='word_1_615' title='bbox 1991 1875 2109 1904; x_wconf 86' lang='lat' dir='ltr'>autem</span> <span class='ocrx_word' id='word_1_616' title='bbox 2124 1897 2135 1915; x_wconf 90' lang='lat'>,</span> 
     </span>
     <span class='ocr_line' id='line_1_80' title="bbox 1177 1924 2136 1978; baseline 0.003 -17"><span class='ocrx_word' id='word_1_617' title='bbox 1177 1938 1266 1975; x_wconf 87' lang='lat' dir='ltr'>quos</span> <span class='ocrx_word' id='word_1_618' title='bbox 1292 1924 1407 1962; x_wconf 90' lang='lat' dir='ltr'>multo</span> <span class='ocrx_word' id='word_1_619' title='bbox 1436 1925 1563 1977; x_wconf 86' lang='lat' dir='ltr'>majori</span> <span class='ocrx_word' id='word_1_620' title='bbox 1590 1924 1723 1963; x_wconf 89' lang='lat' dir='ltr'>honore</span> <span class='ocrx_word' id='word_1_621' title='bbox 1755 1926 1850 1963; x_wconf 83' lang='lat' dir='ltr'>affici</span> <span class='ocrx_word' id='word_1_622' title='bbox 1883 1935 2086 1978; x_wconf 87' lang='lat' dir='ltr'>oporteret,</span> <span class='ocrx_word' id='word_1_623' title='bbox 2107 1927 2136 1964; x_wconf 90' lang='lat' dir='ltr'>si</span> 
     </span>
     <span class='ocr_line' id='line_1_81' title="bbox 1178 1984 2136 2037; baseline 0.004 -15"><span class='ocrx_word' id='word_1_624' title='bbox 1178 1984 1284 2022; x_wconf 88' lang='lat' dir='ltr'>modo</span> <span class='ocrx_word' id='word_1_625' title='bbox 1300 1985 1522 2037; x_wconf 84' lang='lat' dir='ltr'>deceptorem</span> <span class='ocrx_word' id='word_1_626' title='bbox 1535 1986 1762 2035; x_wconf 78' lang='lat' dir='ltr'>occidissetis,</span> <span class='ocrx_word' id='word_1_627' title='bbox 1780 2001 1920 2025; x_wconf 90' lang='lat' dir='ltr'>errones</span> <span class='ocrx_word' id='word_1_628' title='bbox 1934 1997 1965 2025; x_wconf 89' lang='lat' dir='ltr'>et</span> <span class='ocrx_word' id='word_1_629' title='bbox 1983 1988 2136 2037; x_wconf 73' lang='lat' dir='ltr'>exsules,</span> 
     </span>
     <span class='ocr_line' id='line_1_82' title="bbox 1177 2046 2135 2099; baseline 0.003 -16"><span class='ocrx_word' id='word_1_630' title='bbox 1177 2046 1387 2097; x_wconf 85' lang='lat' dir='ltr'>nullamque</span> <span class='ocrx_word' id='word_1_631' title='bbox 1401 2056 1533 2084; x_wconf 85' lang='lat' dir='ltr'>certam</span> <span class='ocrx_word' id='word_1_632' title='bbox 1554 2047 1673 2084; x_wconf 87' lang='lat' dir='ltr'>sedem</span> <span class='ocrx_word' id='word_1_633' title='bbox 1687 2057 1747 2084; x_wconf 87' lang='lat' dir='ltr'>aut</span> <span class='ocrx_word' id='word_1_634' title='bbox 1762 2048 1914 2099; x_wconf 82' lang='lat' dir='ltr'>patriam</span> <span class='ocrx_word' id='word_1_635' title='bbox 1942 2048 2112 2087; x_wconf 74' lang='lat' dir='ltr'>habentes</span> <span class='ocrx_word' id='word_1_636' title='bbox 2127 2082 2135 2097; x_wconf 66' lang='lat'>,</span> 
     </span>
     <span class='ocr_line' id='line_1_83' title="bbox 1177 2105 2136 2159; baseline 0.004 -16"><span class='ocrx_word' id='word_1_637' title='bbox 1177 2105 1249 2144; x_wconf 86' lang='lat' dir='ltr'>huc</span> <span class='ocrx_word' id='word_1_638' title='bbox 1260 2116 1292 2143; x_wconf 87' lang='lat' dir='ltr'>et</span> <span class='ocrx_word' id='word_1_639' title='bbox 1309 2107 1396 2144; x_wconf 90' lang='lat' dir='ltr'>illue</span> <span class='ocrx_word' id='word_1_640' title='bbox 1413 2107 1532 2145; x_wconf 85' lang='lat' dir='ltr'>obitis.</span> <span class='ocrx_word' id='word_1_641' title='bbox 1548 2108 1625 2145; x_wconf 90' lang='lat' dir='ltr'>Hoc</span> <span class='ocrx_word' id='word_1_642' title='bbox 1649 2121 1732 2159; x_wconf 80' lang='lat' dir='ltr'>ergo</span> <span class='ocrx_word' id='word_1_643' title='bbox 1752 2109 1851 2146; x_wconf 78' lang='lat' dir='ltr'>nulla</span> <span class='ocrx_word' id='word_1_644' title='bbox 1882 2109 1951 2146; x_wconf 80' lang='lat' dir='ltr'>alia</span> <span class='ocrx_word' id='word_1_645' title='bbox 1978 2109 2022 2146; x_wconf 86' lang='lat' dir='ltr'>de</span> <span class='ocrx_word' id='word_1_646' title='bbox 2056 2124 2136 2147; x_wconf 87' lang='lat' dir='ltr'>cau-</span> 
     </span>
     <span class='ocr_line' id='line_1_84' title="bbox 1178 2168 2136 2222; baseline 0.004 -17"><span class='ocrx_word' id='word_1_647' title='bbox 1178 2181 1215 2205; x_wconf 85' lang='lat' dir='ltr'>sa</span> <span class='ocrx_word' id='word_1_648' title='bbox 1234 2168 1330 2220; x_wconf 87' lang='lat' dir='ltr'>passi</span> <span class='ocrx_word' id='word_1_649' title='bbox 1351 2168 1433 2206; x_wconf 87' lang='lat' dir='ltr'>estis</span> <span class='ocrx_word' id='word_1_650' title='bbox 1447 2199 1456 2217; x_wconf 82' lang='lat'>,</span> <span class='ocrx_word' id='word_1_651' title='bbox 1474 2183 1583 2220; x_wconf 83' lang='lat' dir='ltr'>quam</span> <span class='ocrx_word' id='word_1_652' title='bbox 1598 2169 1696 2220; x_wconf 88' lang='lat' dir='ltr'>quod</span> <span class='ocrx_word' id='word_1_653' title='bbox 1714 2179 1906 2222; x_wconf 84' lang='lat' dir='ltr'>patronum</span> <span class='ocrx_word' id='word_1_654' title='bbox 1934 2185 1975 2208; x_wconf 86' lang='lat' dir='ltr'>ac</span> <span class='ocrx_word' id='word_1_655' title='bbox 1997 2171 2136 2209; x_wconf 83' lang='lat' dir='ltr'>benefa-</span> 
     </span>
     <span class='ocr_line' id='line_1_85' title="bbox 1177 2230 2135 2278; baseline 0.005 -12"><span class='ocrx_word' id='word_1_656' title='bbox 1177 2237 1320 2278; x_wconf 87' lang='lat' dir='ltr'>ctorem,</span> <span class='ocrx_word' id='word_1_657' title='bbox 1334 2238 1367 2267; x_wconf 89' lang='lat' dir='ltr'>et</span> <span class='ocrx_word' id='word_1_658' title='bbox 1382 2230 1541 2268; x_wconf 72' lang='lat' dir='ltr'>veritatis</span> <span class='ocrx_word' id='word_1_659' title='bbox 1554 2230 1735 2269; x_wconf 86' lang='lat' dir='ltr'>doctorem</span> <span class='ocrx_word' id='word_1_660' title='bbox 1748 2232 1987 2270; x_wconf 78' lang='lat' dir='ltr'>crucifixistis.</span> <span class='ocrx_word' id='word_1_661' title='bbox 2001 2233 2038 2271; x_wconf 72' lang='lat' dir='ltr'>Si</span> <span class='ocrx_word' id='word_1_662' title='bbox 2050 2234 2135 2271; x_wconf 82' lang='lat' dir='ltr'>fuis-</span> 
     </span>
     <span class='ocr_line' id='line_1_86' title="bbox 1177 2290 2134 2341; baseline 0.006 -14"><span class='ocrx_word' id='word_1_663' title='bbox 1177 2299 1228 2328; x_wconf 88' lang='lat' dir='ltr'>set</span> <span class='ocrx_word' id='word_1_664' title='bbox 1259 2290 1355 2328; x_wconf 87' lang='lat' dir='ltr'>enim</span> <span class='ocrx_word' id='word_1_665' title='bbox 1374 2290 1564 2341; x_wconf 86' lang='lat' dir='ltr'>seductor,</span> <span class='ocrx_word' id='word_1_666' title='bbox 1591 2301 1621 2329; x_wconf 91' lang='lat' dir='ltr'>et</span> <span class='ocrx_word' id='word_1_667' title='bbox 1650 2293 1715 2329; x_wconf 89' lang='lat' dir='ltr'>Dei</span> <span class='ocrx_word' id='word_1_668' title='bbox 1735 2292 1974 2339; x_wconf 74' lang='lat' dir='ltr'>adversarius,</span> <span class='ocrx_word' id='word_1_669' title='bbox 2003 2304 2134 2333; x_wconf 88' lang='lat' dir='ltr'>etcum</span> 
     </span>
    </p>
   </div>
   <div class='ocr_carea' id='block_1_6' title="bbox 1175 2411 2204 3079">
    <p class='ocr_par' dir='ltr' id='par_1_6' title="bbox 1175 2411 2204 3079">
     <span class='ocr_line' id='line_1_87' title="bbox 1176 2411 2204 2466; baseline 0.007 -17"><span class='ocrx_word' id='word_1_670' title='bbox 1176 2411 1347 2450; x_wconf 88' lang='lat' dir='ltr'>honorem</span> <span class='ocrx_word' id='word_1_671' title='bbox 1366 2413 1412 2450; x_wconf 84' lang='lat' dir='ltr'>ad</span> <span class='ocrx_word' id='word_1_672' title='bbox 1443 2413 1599 2466; x_wconf 84' lang='lat' dir='ltr'>seipsum</span> <span class='ocrx_word' id='word_1_673' title='bbox 1627 2415 1853 2463; x_wconf 77' lang='lat' dir='ltr'>attraxisset,</span> <span class='ocrx_word' id='word_1_674' title='bbox 1883 2426 1914 2454; x_wconf 86' lang='lat' dir='ltr'>et</span> <span class='ocrx_word' id='word_1_675' title='bbox 1941 2417 2072 2455; x_wconf 89' lang='lat' dir='ltr'>Phinee</span> <span class='ocrx_word' id='word_1_676' title='bbox 2102 2428 2135 2456; x_wconf 86' lang='lat' dir='ltr'>et</span> <span class='ocrx_word' id='word_1_677' title='bbox 2151 2413 2204 2430; x_wconf 65' lang='lat'>‘⁶⁵&#39;</span> 
     </span>
     <span class='ocr_line' id='line_1_88' title="bbox 1177 2474 2135 2529; baseline 0.006 -18"><span class='ocrx_word' id='word_1_678' title='bbox 1177 2474 1344 2512; x_wconf 77' lang='lat' dir='ltr'>Samuele</span> <span class='ocrx_word' id='word_1_679' title='bbox 1372 2484 1404 2512; x_wconf 89' lang='lat' dir='ltr'>et</span> <span class='ocrx_word' id='word_1_680' title='bbox 1451 2474 1521 2511; x_wconf 80' lang='lat' dir='ltr'>illis</span> <span class='ocrx_word' id='word_1_681' title='bbox 1548 2474 1715 2512; x_wconf 73' lang='lat' dir='ltr'>munibus</span> <span class='ocrx_word' id='word_1_682' title='bbox 1746 2477 1903 2527; x_wconf 83' lang='lat' dir='ltr'>oportuit</span> <span class='ocrx_word' id='word_1_683' title='bbox 1931 2491 1994 2515; x_wconf 56' lang='lat' dir='ltr'>ros</span> <span class='ocrx_word' id='word_1_684' title='bbox 2021 2480 2135 2529; x_wconf 72' lang='lat' dir='ltr'>magis</span> 
     </span>
     <span class='ocr_line' id='line_1_89' title="bbox 1177 2535 2133 2586; baseline 0.003 -12"><span class='ocrx_word' id='word_1_685' title='bbox 1177 2536 1356 2582; x_wconf 75' lang='lat' dir='ltr'>honorari,</span> <span class='ocrx_word' id='word_1_686' title='bbox 1376 2535 1440 2585; x_wconf 85' lang='lat' dir='ltr'>qui</span> <span class='ocrx_word' id='word_1_687' title='bbox 1470 2535 1557 2586; x_wconf 74' lang='lat' dir='ltr'>legis</span> <span class='ocrx_word' id='word_1_688' title='bbox 1588 2535 1815 2573; x_wconf 72' lang='lat' dir='ltr'>desemlenda¹</span> <span class='ocrx_word' id='word_1_689' title='bbox 1846 2547 1983 2576; x_wconf 81' lang='lat' dir='ltr'>tantuin</span> <span class='ocrx_word' id='word_1_690' title='bbox 2018 2540 2133 2578; x_wconf 73' lang='lat' dir='ltr'>zelum</span> 
     </span>
     <span class='ocr_line' id='line_1_90' title="bbox 1177 2597 2134 2653; baseline 0.005 -18"><span class='ocrx_word' id='word_1_691' title='bbox 1177 2597 1418 2635; x_wconf 85' lang='lat' dir='ltr'>ostenderetis.</span> <span class='ocrx_word' id='word_1_692' title='bbox 1433 2597 1538 2634; x_wconf 83' lang='lat' dir='ltr'>Nune</span> <span class='ocrx_word' id='word_1_693' title='bbox 1562 2606 1680 2635; x_wconf 81' lang='lat' dir='ltr'>autem</span> <span class='ocrx_word' id='word_1_694' title='bbox 1699 2597 1795 2648; x_wconf 81' lang='lat' dir='ltr'>quod</span> <span class='ocrx_word' id='word_1_695' title='bbox 1826 2612 2020 2650; x_wconf 72' lang='lat' dir='ltr'>iuunquuin</span> <span class='ocrx_word' id='word_1_696' title='bbox 2041 2604 2134 2653; x_wconf 76' lang='lat' dir='ltr'>passi</span> 
     </span>
     <span class='ocr_line' id='line_1_91' title="bbox 1177 2657 2132 2712; baseline 0.005 -17"><span class='ocrx_word' id='word_1_697' title='bbox 1177 2658 1272 2706; x_wconf 86' lang='lat' dir='ltr'>estis,</span> <span class='ocrx_word' id='word_1_698' title='bbox 1301 2672 1383 2694; x_wconf 87' lang='lat' dir='ltr'>eum</span> <span class='ocrx_word' id='word_1_699' title='bbox 1414 2657 1507 2695; x_wconf 73' lang='lat' dir='ltr'>idola</span> <span class='ocrx_word' id='word_1_700' title='bbox 1535 2658 1716 2703; x_wconf 77' lang='lat' dir='ltr'>coleretis,</span> <span class='ocrx_word' id='word_1_701' title='bbox 1738 2673 1819 2696; x_wconf 76' lang='lat' dir='ltr'>euin</span> <span class='ocrx_word' id='word_1_702' title='bbox 1856 2659 1956 2712; x_wconf 74' lang='lat' dir='ltr'>impii</span> <span class='ocrx_word' id='word_1_703' title='bbox 1989 2663 2132 2704; x_wconf 63' lang='lat' dir='ltr'>essetis.</span> 
     </span>
     <span class='ocr_line' id='line_1_92' title="bbox 1176 2720 2131 2771; baseline 0.006 -15"><span class='ocrx_word' id='word_1_704' title='bbox 1176 2734 1257 2758; x_wconf 81' lang='lat' dir='ltr'>cuin</span> <span class='ocrx_word' id='word_1_705' title='bbox 1273 2720 1365 2757; x_wconf 80' lang='lat' dir='ltr'>tilios</span> <span class='ocrx_word' id='word_1_706' title='bbox 1380 2720 1641 2762; x_wconf 76' lang='lat' dir='ltr'>interficeretis,</span> <span class='ocrx_word' id='word_1_707' title='bbox 1664 2720 1730 2756; x_wconf 81' lang='lat' dir='ltr'>hoe</span> <span class='ocrx_word' id='word_1_708' title='bbox 1748 2720 1838 2771; x_wconf 68' lang='lat' dir='ltr'>passi</span> <span class='ocrx_word' id='word_1_709' title='bbox 1854 2722 1957 2766; x_wconf 72' lang='lat' dir='ltr'>estis,</span> <span class='ocrx_word' id='word_1_710' title='bbox 1986 2732 2016 2760; x_wconf 84' lang='lat' dir='ltr'>et</span> <span class='ocrx_word' id='word_1_711' title='bbox 2035 2725 2131 2762; x_wconf 70' lang='lat' dir='ltr'>nulla</span> 
     </span>
     <span class='ocr_line' id='line_1_93' title="bbox 1175 2781 2130 2827; baseline 0.003 -8"><span class='ocrx_word' id='word_1_712' title='bbox 1175 2781 1282 2819; x_wconf 86' lang='lat' dir='ltr'>datur</span> <span class='ocrx_word' id='word_1_713' title='bbox 1301 2781 1390 2819; x_wconf 80' lang='lat' dir='ltr'>ratio</span> <span class='ocrx_word' id='word_1_714' title='bbox 1406 2796 1469 2819; x_wconf 63' lang='lat' dir='ltr'>vos</span> <span class='ocrx_word' id='word_1_715' title='bbox 1487 2781 1658 2818; x_wconf 71' lang='lat' dir='ltr'>liberandi</span> <span class='ocrx_word' id='word_1_716' title='bbox 1674 2796 1692 2817; x_wconf 80' lang='grc' dir='ltr'>.·ι</span> <span class='ocrx_word' id='word_1_717' title='bbox 1724 2781 1839 2823; x_wconf 61' lang='lat' dir='ltr'>malis,</span> <span class='ocrx_word' id='word_1_718' title='bbox 1857 2791 1887 2819; x_wconf 85' lang='lat' dir='ltr'>et</span> <span class='ocrx_word' id='word_1_719' title='bbox 1903 2796 2054 2827; x_wconf 74' lang='lat' dir='ltr'>errones,</span> <span class='ocrx_word' id='word_1_720' title='bbox 2071 2800 2130 2822; x_wconf 76' lang='lat' dir='ltr'>ex-</span> 
     </span>
     <span class='ocr_line' id='line_1_94' title="bbox 1177 2842 2131 2894; baseline 0.002 -13"><span class='ocrx_word' id='word_1_721' title='bbox 1177 2844 1290 2891; x_wconf 86' lang='lat' dir='ltr'>sules,</span> <span class='ocrx_word' id='word_1_722' title='bbox 1308 2842 1538 2893; x_wconf 72' lang='lat' dir='ltr'>vagabundi,</span> <span class='ocrx_word' id='word_1_723' title='bbox 1556 2851 1586 2879; x_wconf 86' lang='lat' dir='ltr'>et</span> <span class='ocrx_word' id='word_1_724' title='bbox 1621 2844 1861 2880; x_wconf 71' lang='lat' dir='ltr'>Romanorum</span> <span class='ocrx_word' id='word_1_725' title='bbox 1894 2844 2032 2894; x_wconf 68' lang='lat' dir='ltr'>legibus</span> <span class='ocrx_word' id='word_1_726' title='bbox 2061 2862 2131 2883; x_wconf 79' lang='lat' dir='ltr'>ser-</span> 
     </span>
     <span class='ocr_line' id='line_1_95' title="bbox 1178 2903 2133 2955; baseline 0.001 -12"><span class='ocrx_word' id='word_1_727' title='bbox 1178 2905 1311 2944; x_wconf 82' lang='lat' dir='ltr'>vientes</span> <span class='ocrx_word' id='word_1_728' title='bbox 1327 2935 1335 2948; x_wconf 88' lang='lat'>,</span> <span class='ocrx_word' id='word_1_729' title='bbox 1352 2913 1479 2942; x_wconf 71' lang='lat' dir='ltr'>teri-:uu</span> <span class='ocrx_word' id='word_1_730' title='bbox 1505 2913 1535 2940; x_wconf 86' lang='lat' dir='ltr'>et</span> <span class='ocrx_word' id='word_1_731' title='bbox 1555 2918 1648 2940; x_wconf 84' lang='grc' dir='ltr'>ιιι.·ιιϊ</span> <span class='ocrx_word' id='word_1_732' title='bbox 1665 2903 1771 2940; x_wconf 75' lang='lat' dir='ltr'>obitis</span> <span class='ocrx_word' id='word_1_733' title='bbox 1783 2934 1792 2946; x_wconf 85' lang='grc'><strong>.</strong></span> <span class='ocrx_word' id='word_1_734' title='bbox 1818 2905 2009 2955; x_wconf 66' lang='lat' dir='ltr'>migrantes</span> <span class='ocrx_word' id='word_1_735' title='bbox 2026 2938 2034 2949; x_wconf 82' lang='grc'>,</span> <span class='ocrx_word' id='word_1_736' title='bbox 2058 2909 2133 2944; x_wconf 84' lang='grc' dir='ltr'>ιιιιΙ-</span> 
     </span>
     <span class='ocr_line' id='line_1_96' title="bbox 1178 2964 2131 3011; baseline 0.003 -9"><span class='ocrx_word' id='word_1_737' title='bbox 1178 2966 1231 3003; x_wconf 81' lang='lat' dir='ltr'>las</span> <span class='ocrx_word' id='word_1_738' title='bbox 1248 2974 1359 3002; x_wconf 75' lang='lat' dir='ltr'>certus</span> <span class='ocrx_word' id='word_1_739' title='bbox 1386 2964 1506 3007; x_wconf 64' lang='lat' dir='ltr'>selles,</span> <span class='ocrx_word' id='word_1_740' title='bbox 1529 2964 1632 3000; x_wconf 71' lang='lat' dir='ltr'>urbes</span> <span class='ocrx_word' id='word_1_741' title='bbox 1659 2973 1718 3000; x_wconf 74' lang='lat' dir='ltr'>:tut</span> <span class='ocrx_word' id='word_1_742' title='bbox 1743 2964 1868 3002; x_wconf 75' lang='lat' dir='ltr'>domos</span> <span class='ocrx_word' id='word_1_743' title='bbox 1889 2966 2055 3005; x_wconf 69' lang='lat' dir='ltr'>habentes</span> <span class='ocrx_word' id='word_1_744' title='bbox 2073 2998 2081 3011; x_wconf 81' lang='grc'>,</span> <span class='ocrx_word' id='word_1_745' title='bbox 2101 2979 2131 3005; x_wconf 81' lang='lat' dir='ltr'>et</span> 
     </span>
     <span class='ocr_line' id='line_1_97' title="bbox 1180 3025 2133 3079; baseline 0.002 -15"><span class='ocrx_word' id='word_1_746' title='bbox 1180 3028 1213 3064; x_wconf 88' lang='lat' dir='ltr'>iu</span> <span class='ocrx_word' id='word_1_747' title='bbox 1235 3026 1441 3065; x_wconf 79' lang='lat' dir='ltr'>servitutem</span> <span class='ocrx_word' id='word_1_748' title='bbox 1473 3025 1618 3066; x_wconf 65' lang='lat' dir='ltr'>red-uti.</span> <span class='ocrx_word' id='word_1_749' title='bbox 1649 3041 1668 3061; x_wconf 71' lang='lat' dir='ltr'>n</span> <span class='ocrx_word' id='word_1_750' title='bbox 1701 3025 1862 3062; x_wconf 66' lang='lat' dir='ltr'>libert-ite</span> <span class='ocrx_word' id='word_1_751' title='bbox 1883 3057 1890 3068; x_wconf 87' lang='grc'>,</span> <span class='ocrx_word' id='word_1_752' title='bbox 1916 3043 1933 3063; x_wconf 83' lang='grc' dir='ltr'>.·ι</span> <span class='ocrx_word' id='word_1_753' title='bbox 1956 3029 2066 3079; x_wconf 58' lang='lat' dir='ltr'>[nitria</span> <span class='ocrx_word' id='word_1_754' title='bbox 2089 3060 2096 3071; x_wconf 87' lang='grc'>,</span> <span class='ocrx_word' id='word_1_755' title='bbox 2115 3046 2133 3066; x_wconf 84' lang='grc' dir='ltr'>.ι</span> 
     </span>
    </p>
   </div>
   <div class='ocr_carea' id='block_1_7' title="bbox 1180 3090 2134 3143">
    <p class='ocr_par' dir='ltr' id='par_1_7' title="bbox 1180 3090 2134 3143">
     <span class='ocr_line' id='line_1_98' title="bbox 1180 3090 2134 3143; baseline 0 -13"><span class='ocrx_word' id='word_1_756' title='bbox 1180 3092 1376 3130; x_wconf 69' lang='lat' dir='ltr'>sat-ordonio</span> <span class='ocrx_word' id='word_1_757' title='bbox 1390 3122 1398 3136; x_wconf 91' lang='lat'>‚</span> <span class='ocrx_word' id='word_1_758' title='bbox 1417 3100 1445 3127; x_wconf 82' lang='lat' dir='ltr'>et</span> <span class='ocrx_word' id='word_1_759' title='bbox 1462 3091 1506 3127; x_wconf 67' lang='lat' dir='ltr'>uli</span> <span class='ocrx_word' id='word_1_760' title='bbox 1521 3090 1686 3127; x_wconf 66' lang='lat' dir='ltr'>ominibus</span> <span class='ocrx_word' id='word_1_761' title='bbox 1702 3120 1710 3133; x_wconf 81' lang='grc'>,</span> <span class='ocrx_word' id='word_1_762' title='bbox 1724 3106 1801 3140; x_wconf 63' lang='lat' dir='ltr'>quar</span> <span class='ocrx_word' id='word_1_763' title='bbox 1817 3092 1916 3143; x_wconf 73' lang='lat' dir='ltr'>prius</span> <span class='ocrx_word' id='word_1_764' title='bbox 1934 3092 2134 3135; x_wconf 58' lang='lat' dir='ltr'>habebatis,</span> 
     </span>
    </p>
   </div>
   <div class='ocr_carea' id='block_1_8' title="bbox 78 3155 2135 3212">
    <p class='ocr_par' dir='ltr' id='par_1_8' title="bbox 78 3155 2135 3212">
     <span class='ocr_line' id='line_1_99' title="bbox 78 3155 2135 3212; baseline 0.003 -21"><span class='ocrx_word' id='word_1_765' title='bbox 78 3159 188 3193; x_wconf 85' lang='grc' dir='ltr'>ταῦτα</span> <span class='ocrx_word' id='word_1_766' title='bbox 208 3155 402 3207; x_wconf 74' lang='grc' dir='ltr'>πάσχομεν.</span> <span class='ocrx_word' id='word_1_767' title='bbox 427 3159 498 3195; x_wconf 80' lang='grc' dir='ltr'>Νῦν</span> <span class='ocrx_word' id='word_1_768' title='bbox 518 3157 778 3208; x_wconf 79' lang='grc' dir='ltr'>ἐξομολογεῖσθε</span> <span class='ocrx_word' id='word_1_769' title='bbox 803 3161 832 3196; x_wconf 77' lang='grc' dir='ltr'>οἱ</span> <span class='ocrx_word' id='word_1_770' title='bbox 850 3160 1026 3206; x_wconf 76' lang='grc' dir='ltr'>ἀπειθεῖς;</span> <span class='ocrx_word' id='word_1_771' title='bbox 1048 3160 1106 3198; x_wconf 69' lang='grc' dir='ltr'>καὶ</span> <span class='ocrx_word' id='word_1_772' title='bbox 1134 3170 1155 3199; x_wconf 69' lang='lat' dir='ltr'>r:</span> <span class='ocrx_word' id='word_1_773' title='bbox 1181 3159 1321 3212; x_wconf 75' lang='lat' dir='ltr'>expulsi</span> <span class='ocrx_word' id='word_1_774' title='bbox 1339 3158 1440 3201; x_wconf 69' lang='lat' dir='ltr'>estis,</span> <span class='ocrx_word' id='word_1_775' title='bbox 1465 3158 1497 3194; x_wconf 88' lang='lat' dir='ltr'>iu</span> <span class='ocrx_word' id='word_1_776' title='bbox 1521 3156 1646 3194; x_wconf 69' lang='lat' dir='ltr'>inediis</span> <span class='ocrx_word' id='word_1_777' title='bbox 1662 3157 1822 3193; x_wconf 70' lang='lat' dir='ltr'>lmrlmris</span> <span class='ocrx_word' id='word_1_778' title='bbox 1847 3168 1876 3194; x_wconf 83' lang='lat' dir='ltr'>et</span> <span class='ocrx_word' id='word_1_779' title='bbox 1907 3160 2071 3207; x_wconf 63' lang='lat' dir='ltr'>gentihus</span> <span class='ocrx_word' id='word_1_780' title='bbox 2087 3161 2135 3197; x_wconf 86' lang='lat' dir='ltr'>iu—</span> 
     </span>
    </p>
   </div>
   <div class='ocr_carea' id='block_1_9' title="bbox 124 3260 1415 3308">
    <p class='ocr_par' dir='ltr' id='par_1_9' title="bbox 124 3260 1415 3308">
     <span class='ocr_line' id='line_1_100' title="bbox 124 3260 1415 3308; baseline 0.004 -16"><span class='ocrx_word' id='word_1_781' title='bbox 124 3271 136 3284; x_wconf 82' lang='lat'>1·</span> <span class='ocrx_word' id='word_1_782' title='bbox 162 3261 173 3302; x_wconf 75' lang='grc' dir='ltr'>Ῐ</span> <span class='ocrx_word' id='word_1_783' title='bbox 190 3261 266 3293; x_wconf 69' lang='lat' dir='ltr'>llaec</span> <span class='ocrx_word' id='word_1_784' title='bbox 283 3268 331 3292; x_wconf 79' lang='lat' dir='ltr'>est</span> <span class='ocrx_word' id='word_1_785' title='bbox 354 3260 452 3294; x_wconf 67' lang='lat' dir='ltr'>lectio</span> <span class='ocrx_word' id='word_1_786' title='bbox 474 3262 608 3294; x_wconf 67' lang='lat' dir='ltr'>(judicis</span> <span class='ocrx_word' id='word_1_787' title='bbox 634 3265 680 3306; x_wconf 54' lang='lat' dir='ltr'>it„</span> <span class='ocrx_word' id='word_1_788' title='bbox 697 3264 837 3305; x_wconf 73' lang='lat' dir='ltr'>probatu</span> <span class='ocrx_word' id='word_1_789' title='bbox 855 3276 892 3295; x_wconf 81' lang='lat' dir='ltr'>en</span> <span class='ocrx_word' id='word_1_790' title='bbox 910 3264 1034 3297; x_wconf 77' lang='lat' dir='ltr'>Surilio</span> <span class='ocrx_word' id='word_1_791' title='bbox 1053 3267 1084 3297; x_wconf 83' lang='lat' dir='ltr'>iu</span> <span class='ocrx_word' id='word_1_792' title='bbox 1123 3272 1218 3300; x_wconf 64' lang='grc' dir='ltr'>ταῦτα</span> <span class='ocrx_word' id='word_1_793' title='bbox 1238 3270 1383 3308; x_wconf 58' lang='grc' dir='ltr'>λέγωμεν.</span> <span class='ocrx_word' id='word_1_794' title='bbox 1401 3280 1415 3286; x_wconf 43' lang='lat'>·*</span> 
     </span>
    </p>
   </div>
   <div class='ocr_carea' id='block_1_10' title="bbox 83 3312 1095 3396">
    <p class='ocr_par' dir='ltr' id='par_1_10' title="bbox 83 3312 1095 3396">
     <span class='ocr_line' id='line_1_101' title="bbox 83 3312 1095 3357; baseline 0.008 -15"><span class='ocrx_word' id='word_1_795' title='bbox 83 3312 197 3351; x_wconf 74' lang='lat' dir='ltr'>Notis,</span> <span class='ocrx_word' id='word_1_796' title='bbox 217 3321 249 3345; x_wconf 82' lang='lat' dir='ltr'>et</span> <span class='ocrx_word' id='word_1_797' title='bbox 268 3313 421 3346; x_wconf 57' lang='lat' dir='ltr'>Mon-tlt:</span> <span class='ocrx_word' id='word_1_798' title='bbox 447 3316 539 3357; x_wconf 51' lang='lat' dir='ltr'>{lc-g„</span> <span class='ocrx_word' id='word_1_799' title='bbox 557 3316 833 3354; x_wconf 55' lang='lat' dir='ltr'>(„1‹·t!›..‹·tsavtt.</span> <span class='ocrx_word' id='word_1_800' title='bbox 856 3317 914 3350; x_wconf 73' lang='lat' dir='ltr'>Ed.</span> <span class='ocrx_word' id='word_1_801' title='bbox 933 3323 1000 3352; x_wconf 73' lang='grc' dir='ltr'>ἀλλ’</span> <span class='ocrx_word' id='word_1_802' title='bbox 1025 3327 1095 3353; x_wconf 58' lang='lat' dir='ltr'>(lut</span> 
     </span>
     <span class='ocr_line' id='line_1_102' title="bbox 273 3372 444 3396; baseline 0 -2"><span class='ocrx_word' id='word_1_803' title='bbox 273 3372 369 3395; x_wconf 78' lang='grc' dir='ltr'>ἰ’ωΜ.</span> <span class='ocrx_word' id='word_1_804' title='bbox 405 3373 424 3396; x_wconf 81' lang='lat' dir='ltr'>v</span> <span class='ocrx_word' id='word_1_805' title='bbox 437 3389 444 3394; x_wconf 94' lang='lat'>.</span> 
     </span>
    </p>
   </div>
   <div class='ocr_carea' id='block_1_11' title="bbox 1400 3268 1496 3307">
    <p class='ocr_par' dir='ltr' id='par_1_11' title="bbox 1400 3268 1496 3307">
     <span class='ocr_line' id='line_1_103' title="bbox 1400 3268 1496 3307; baseline -0.021 -11"><span class='ocrx_word' id='word_1_806' title='bbox 1400 3268 1496 3307; x_wconf 9' lang='lat' dir='ltr'>,emt</span> 
     </span>
    </p>
   </div>
   <div class='ocr_carea' id='block_1_12' title="bbox 2153 1726 2319 1798">
    <p class='ocr_par' dir='ltr' id='par_1_12' title="bbox 2153 1726 2319 1798">
     <span class='ocr_line' id='line_1_104' title="bbox 2153 1726 2319 1755; baseline 0.018 -2"><span class='ocrx_word' id='word_1_807' title='bbox 2153 1726 2245 1754; x_wconf 62' lang='lat' dir='ltr'>Nam.</span> <span class='ocrx_word' id='word_1_808' title='bbox 2269 1727 2319 1755; x_wconf 74' lang='lat'>25-</span> 
     </span>
     <span class='ocr_line' id='line_1_105' title="bbox 2157 1769 2275 1798; baseline 0.008 -3"><span class='ocrx_word' id='word_1_809' title='bbox 2157 1776 2202 1795; x_wconf 82' lang='lat'>12.</span> <span class='ocrx_word' id='word_1_810' title='bbox 2229 1769 2275 1798; x_wconf 88' lang='lat'>13.</span> 
     </span>
    </p>
   </div>
   <div class='ocr_carea' id='block_1_13' title="bbox 1177 2236 2338 2401">
    <p class='ocr_par' dir='ltr' id='par_1_13' title="bbox 1177 2236 2338 2401">
     <span class='ocr_line' id='line_1_106' title="bbox 2177 2236 2338 2266; baseline -0.012 -3"><span class='ocrx_word' id='word_1_811' title='bbox 2177 2236 2273 2266; x_wconf 66' lang='lat' dir='ltr'>Judm</span> <span class='ocrx_word' id='word_1_812' title='bbox 2287 2245 2338 2262; x_wconf 81' lang='lat' dir='ltr'>cur</span> 
     </span>
     <span class='ocr_line' id='line_1_107' title="bbox 2148 2278 2336 2315; baseline -0.011 -10"><span class='ocrx_word' id='word_1_813' title='bbox 2148 2285 2212 2315; x_wconf 58' lang='lat' dir='ltr'>pwt</span> <span class='ocrx_word' id='word_1_814' title='bbox 2227 2278 2336 2304; x_wconf 61' lang='lat' dir='ltr'>flu-isti</span> 
     </span>
     <span class='ocr_line' id='line_1_108' title="bbox 2149 2326 2337 2346; baseline -0.011 0"><span class='ocrx_word' id='word_1_815' title='bbox 2149 2326 2272 2346; x_wconf 74' lang='lat' dir='ltr'>mortem</span> <span class='ocrx_word' id='word_1_816' title='bbox 2286 2329 2337 2345; x_wconf 80' lang='lat' dir='ltr'>nu-</span> 
     </span>
     <span class='ocr_line' id='line_1_109' title="bbox 1177 2351 2302 2401; baseline 0.004 -13"><span class='ocrx_word' id='word_1_817' title='bbox 1177 2351 1275 2389; x_wconf 86' lang='lat' dir='ltr'>Deus</span> <span class='ocrx_word' id='word_1_818' title='bbox 1300 2365 1369 2388; x_wconf 86' lang='lat' dir='ltr'>non</span> <span class='ocrx_word' id='word_1_819' title='bbox 1398 2361 1486 2389; x_wconf 80' lang='lat' dir='ltr'>esset</span> <span class='ocrx_word' id='word_1_820' title='bbox 1500 2382 1510 2401; x_wconf 92' lang='lat'>,</span> <span class='ocrx_word' id='word_1_821' title='bbox 1525 2352 1695 2391; x_wconf 66' lang='lat' dir='ltr'>voluisset</span> <span class='ocrx_word' id='word_1_822' title='bbox 1711 2367 1785 2391; x_wconf 88' lang='lat' dir='ltr'>esse</span> <span class='ocrx_word' id='word_1_823' title='bbox 1811 2356 1908 2392; x_wconf 83' lang='lat' dir='ltr'>Deus</span> <span class='ocrx_word' id='word_1_824' title='bbox 1929 2385 1938 2399; x_wconf 88' lang='lat'>‚</span> <span class='ocrx_word' id='word_1_825' title='bbox 1966 2365 1997 2392; x_wconf 90' lang='lat' dir='ltr'>et</span> <span class='ocrx_word' id='word_1_826' title='bbox 2020 2356 2302 2394; x_wconf 66' lang='lat' dir='ltr'>l’ati·isscra‹²=i²i0-</span> 
     </span>
    </p>
   </div>
  </div>
 </body>
</html>
