2430 3721
33 448 61 467 α.
83 439 151 467 Cor.
175 448 220 468 ιι.

33 481 180 520 23.-2;·.

31 682 121 711 Rom.
141 682 171 712 5.
190 692 218 712 2.

33 798 151 828 coloss.
176 809 184 827 ι
196 823 200 827 .

55 842 62 851 ,

30 984 163 1023 ΡΙΙΙΙΑΙΨ.
189 995 211 1014 ι,

239 149 326 196 166

230 247 411 297 lationem,
429 249 527 301 quod
554 264 594 289 ea
619 251 802 303 patiantur
822 258 966 302 propter
981 263 1063 288 eum
1081 263 1190 301 quem

231 305 400 358 diligunt.

651 167 691 198 S.
728 167 922 198 JOANMS
955 165 1214 196 CHRYSOST.

287 429 324 467 6.
354 429 533 477 Quocirca
546 429 681 468 Paulus
695 444 940 482 quoque‚cum
953 439 1043 470 esset
1055 431 1091 470 in
1102 446 1190 484 quo-

233 490 380 529 tidianis
406 491 595 539 mortibus,
615 491 652 529 in
681 493 895 544 carceribus,
911 493 948 531 in
979 493 1189 544 naufragiis,

234 551 269 590 in
301 551 576 598 solitudinibus,
603 552 638 591 in
670 553 833 606 flagellis,
849 554 885 593 in
922 554 1190 594 innumerabili-

232 611 300 650 bus
316 612 399 651 aliis
420 612 620 666 suppliciis,
631 614 824 665 gaudebat,
837 616 1041 654 exsultabat
1059 625 1094 654 et
1114 617 1189 667 glo-

233 673 393 712 riabatur
410 689 417 710 :
434 683 467 712 et
487 689 581 714 nunc
607 674 752 727 quidem
770 675 912 716 dicebat
929 693 936 714 :
955 679 1047 717 Non
1064 679 1189 717 solam

232 745 362 774 antem
376 738 418 775 in
432 750 498 788 spe
513 737 648 790 glorioe
668 738 755 787 Dei,
769 739 963 778 sedetiam
974 740 1190 792 gloriamur

231 800 273 834 in
289 797 590 851 afflictionib1155
607 813 702 837 nunc
719 809 836 838 antem
856 814 980 839 rursus
997 817 1004 837 :
1025 802 1187 840 Gaudeo

229 861 270 896 in
287 861 545 911 passionibus,
562 867 598 897 et
610 861 804 912 adimpleo
823 875 909 914 qua?
925 862 1064 899 desunt
1083 862 1188 914 affli-

229 922 419 958 orionibus
455 921 599 959 Christi
625 925 666 959 in
700 935 817 959 carne
845 936 949 968 mea;
969 931 1003 960 et
1033 922 1185 973 gratiam

228 994 304 1019 eam
323 995 399 1018 rem
432 989 546 1027 vocat,
569 981 617 1019 ita
640 982 811 1019 confitens
841 990 874 1019 et
901 981 1023 1020 dicens
1039 998 1047 1018 ε
1063 983 1186 1020 Nobis

227 1045 283 1080 ita
297 1045 416 1093 grans
431 1056 456 1080 a
472 1043 625 1081 Christo
640 1043 829 1079 donatum
841 1051 1045 1090 ese‚1ttnon
1058 1044 1184 1082 solum

223 1106 265 1140 in
280 1106 404 1154 ipsum
421 1103 638 1148 credamus,
654 1103 723 1140 sed
740 1111 782 1140 ut
797 1105 916 1141 etiam
926 1118 998 1155 pro
1014 1107 1097 1156 ipso
1109 1119 1184 1157 pa·

223 1168 378 1201 (tamur.
417 1164 489 1202 Nos
524 1177 665 1215 quoquc
706 1162 912 1202 studeamus
946 1179 1020 1203 esse
1059 1165 1184 1205 eodem

221 1224 353 1270 animo,
373 1233 406 1263 et
425 1238 546 1263 omnes
560 1239 640 1276 quae
658 1224 823 1264 incidunt
841 1226 1035 1277 molestias,
1045 1227 1185 1280 placide

221 1295 253 1324 et
273 1286 436 1325 lubenter
454 1287 622 1325 seramus.
644 1286 750 1325 Ferre
780 1296 899 1325 autem
919 1288 1129 1341 poterimus,
1152 1291 1182 1329 si

221 1348 338 1386 Deum
372 1348 420 1385 ita
457 1347 714 1397 amaverimus,
749 1356 788 1386 ut
826 1349 962 1387 amavit
994 1350 1179 1403 propheta.

221 1410 301 1448 Non
323 1409 439 1448 solum
458 1409 554 1447 enim
584 1423 630 1447 ex
654 1423 822 1462 responso
844 1410 907 1448 illo
927 1411 1005 1463 ejus
1023 1426 1182 1452 amorem

224 1469 346 1510 videre
376 1484 579 1523 possumus,
598 1469 660 1509 sed
691 1470 799 1508 etiam
831 1486 876 1510 ex
895 1471 946 1510 eis
964 1487 1043 1524 quae
1063 1488 1181 1514 conse-

220 1541 392 1583 quuntur.
423 1532 515 1570 Cum
536 1531 629 1569 euim
647 1530 822 1570 dixisset:
845 1534 1181 1583 Quemadmodum

221 1594 414 1632 desiderat
431 1606 565 1632 cervus
585 1593 638 1630 ad
643 1594 784 1647 sontes
804 1607 1011 1646 aquarum,
1030 1599 1087 1634 ita
1112 1598 1180 1635 de·

221 1656 365 1693 siderat
384 1657 518 1692 anima
543 1668 628 1692 mea
652 1655 706 1692 ad
719 1663 768 1700 te,
783 1655 902 1704 Deus,
916 1655 1107 1708 subjunxit
1126 1656 1182 1695 di-

219 1729 300 1754 eens
320 1731 328 1752 :
349 1716 385 1754 5.
408 1717 536 1753 Sitivic
553 1717 687 1753 am’ma
715 1729 801 1753 mea
820 1716 874 1753 ad
896 1719 1181 1772 Deumsortem

222 1780 356 1815 vivum
378 1794 388 1815 .-
410 1777 571 1827 quando
604 1780 765 1815 veniam
790 1785 826 1815 et
864 1782 1057 1830 apparebo
1089 1790 1182 1820 ante

205 1840 360 1894 faciem
389 1839 496 1877 Dei?
518 1839 597 1876 Non
625 1837 719 1876 dixit
740 1854 747 1875 ε
769 1839 914 1877 Amavit
949 1840 1068 1878 anima
1102 1856 1179 1881 mea

219 1901 335 1937 Deum
358 1899 496 1948 vivum,
516 1913 638 1950 neque,
653 1898 792 1938 Dilexit
818 1900 937 1939 anima
966 1915 1042 1940 mea
1061 1903 1178 1943 Deum

217 1960 343 1999 vivum
363 1977 370 1997 :
392 1959 454 1999 sed
486 1969 524 1998 ut
560 1959 755 1999 ostenderet
792 1961 986 2012 affectum,
1018 1978 1177 2004 amorem

217 2022 314 2060 sitim
340 2022 494 2071 vocavit,
511 2021 617 2059 ambo
651 2021 753 2059 nobis
780 2021 998 2074 significans,
1021 2034 1054 2063 et
1069 2026 1176 2065 ardo-

218 2100 291 2123 reni
320 2084 465 2132 amoris,
485 2093 519 2121 et
537 2082 699 2136 ejusdem
729 2084 1011 2136 perpetuitatem.
1041 2086 1176 2134 Quem-

216 2145 412 2184 admodum
431 2145 525 2183 enim
545 2144 607 2195 qui
629 2143 768 2189 sitiunt,
790 2158 857 2182 nou
884 2145 951 2183 hoe
969 2146 1003 2184 in
1027 2161 1097 2185 uno
1118 2147 1177 2188 die

219 2207 416 2259 patiuntur,
438 2214 472 2243 et
500 2204 654 2252 duobus,
672 2213 705 2241 et
738 2204 866 2254 tribus,
883 2205 944 2243 sed
973 2221 1035 2258 pet·
1064 2216 1175 2248 totam

218 2266 403 2316 vita1n,ad
439 2267 508 2306 hoc
543 2281 604 2304 nos
631 2264 792 2304 ⁴(lucente
822 2275 948 2304 natura
969 2282 976 2303 :
1000 2267 1047 2306 ita
1067 2270 1175 2309 ctiam

218 2330 340 2367 beatus
358 2328 431 2378 ille,
451 2337 485 2367 et
510 2342 631 2366 omnes
649 2327 773 2376 sancti,
794 2341 862 2365 non
896 2342 966 2366 uuo
982 2329 1098 2369 solum
1116 2331 1175 2370 die

217 2392 359 2428 fuerunt
386 2389 419 2427 in
446 2387 729 2441 compunctione,
749 2387 840 2426 sicut
866 2389 970 2427 multi
998 2391 1171 2443 homines,

217 2467 279 2490 nec
299 2451 454 2500 duobus,
475 2465 536 2490 nec
553 2450 668 2488 tribus
684 2454 695 2497 (
711 2449 778 2487 hoc
796 2449 891 2488 enim
911 2465 980 2489 non
1001 2462 1090 2491 esset
1106 2454 1169 2492 mi-
1196 2471 1220 2500 Α

216 2514 366 2552 randum
387 2519 410 2561 ),
431 2512 491 2551 scd
522 2511 663 2550 assidue
689 2519 723 2549 ct
749 2511 902 2563 singulis
931 2511 1059 2552 diebus
1086 2515 1168 2554 reli·

215 2576 311 2624 giose
323 2589 444 2613 amare
462 2572 788 2626 perseverabant,et
801 2586 959 2612 amorem
977 2575 1166 2627 augebant.

214 2637 319 2684 Quod
335 2635 480 2688 quidem
495 2635 570 2687 ipse
596 2648 736 2686 quoque
763 2634 970 2685 significans
994 2634 1165 2676 dicebat:

211 2701 335 2738 Sitivit
359 2700 493 2736 anima
514 2710 601 2734 mea
625 2697 678 2733 ad
697 2696 824 2734 Deum
842 2697 994 2750 sortem
1015 2701 1165 2748 vivum,

212 2761 318 2800 simul
335 2769 368 2798 et
383 2773 524 2797 eausam
554 2757 675 2796 volens
704 2756 834 2805 dicere,
856 2767 893 2796 ut
915 2769 1025 2811 perte
1052 2770 1167 2800 osten-

210 2822 292 2869 dat,
330 2819 507 2872 quomodo
542 2818 624 2871 quis
655 2819 773 2856 Deum
810 2817 860 2856 sie.
894 2834 1013 2859 :unare
1044 2823 1165 2874 possit.

211 2884 287 2922 Hoc
306 2882 399 2919 enim
418 2879 612 2919 deelarauit
632 2893 694 2931 per
712 2893 750 2916 ea
769 2893 848 2929 qum
865 2891 1166 2931 smfitiiiitiir,cunt

209 2944 303 2983 dixit
324 2959 331 2980 t
351 2944 478 2981 sitivit
493 2944 627 2979 anitna
640 2953 725 2978 mea
737 2940 791 2978 ad
810 2941 950 2989 Deum,
969 2951 1002 2979 et
1015 2944 1164 2996 subjun-

209 3007 273 3055 git,
295 3007 431 3043 l'ivum
451 3020 458 3040 ε
477 3001 735 3056 propemodum
751 3001 904 3041 suadens
922 3012 956 3040 et
970 3004 1165 3045 vociferans

209 3068 374 3106 omnibns
406 3066 468 3118 qui
498 3065 603 3102 rebus
634 3064 744 3116 hujus
774 3064 856 3104 vitre
876 3064 1013 3103 inhiant
1035 3082 1041 3102 :
1064 3068 1162 3113 Quid

210 3131 242 3167 in
262 3143 409 3181 corpora
431 3126 617 3165 insanitis?
631 3125 719 3177 quid
739 3140 885 3179 corpora
905 3127 1160 3180 amatis?‹1ui‹l

210 3191 360 3238 gloriam
385 3188 624 3228 desideratis?
652 3187 739 3240 quid
771 3189 1023 3241 concupiscitis
1060 3191 1163 3229 volu-

210 3258 365 3308 platoni?
381 3256 480 3295 Nihil
503 3269 626 3294 eorum
653 3264 769 3293 manet
798 3264 831 3294 et
858 3256 952 3295 vivit
978 3267 1160 3311 perpetuo,
1187 3270 1206 3298 n

248 3375 262 3399 ¹·
287 3372 294 3415 1
313 3370 468 3403 Dedimus
490 3374 568 3405 9,ῑὼ
596 3382 670 3401 vum
696 3369 815 3406 Savil.;
832 3371 913 3403 Mor.
933 3379 962 3403 ‹·t
983 3372 1100 3405 Monts.
1121 3377 1182 3407 023:
1202 3377 1212 3415 j

1203 1852 1228 1882 E

1186 2433 1234 2459 ¹310

1257 166 1467 196 ARCHHZP.
1506 166 1871 198 CONSTANTINOP-

1265 265 1321 288 νον
1339 250 1534 302 ἡγήσονται
1554 253 1771 299 διακεῖσθαι,
1799 253 1834 289 ἐν
1856 255 1963 288 πᾶσιν
1983 245 2033 293 οἷς
2061 251 2102 290 ἂν
2123 252 2289 306 πάσχωσι

1265 313 1470 363 θαυμαστήν
1490 329 1567 352 τινα
1587 313 1812 366 παραμυῡίαν
1830 312 1986 364 ἔχοντες,
2006 312 2046 349 τὸ
2071 311 2127 350 διὰ
2145 313 2204 352 τὸν
2222 330 2290 354 πο-

1265 373 1430 424 θούμενον
1446 379 1556 412 ταῦτα
1575 375 1738 427 πάσχειν.

1317 436 1384 474 Διὰ
1415 439 1517 474 τοῦτο
1549 437 1609 474 καὶ
1629 437 1769 480 Παῦλος
1799 437 1833 473 ἐν
1860 437 2105 486 καΟημερινοῑς
2132 432 2291 478 θανάτοις

1263 496 1324 544 ὢν,
1351 499 1385 535 ἐν
1421 497 1694 549 δεσμωτηρίοις,
1715 499 1749 535 ἐν
1769 497 1944 548 ναυαγίοις
1961 525 1970 542 ,
1993 497 2028 533 ἐν
2049 495 2209 548 ἐρημίαις
2224 525 2234 543 ,
2253 497 2290 534 ἐν

1263 558 1438 608 μάστιξιν,
1474 560 1509 597 ἐν
1541 558 1679 611 μυρίαις
1707 558 1840 611 ἑτέραις
1863 557 2061 603 κολάσεσιν,
2091 556 2212 609 ἔχαιρε
2231 560 2290 595 καὶ

1262 621 1473 671 ἦγαλλιᾶτο,
1493 621 1552 658 καὶ
1578 621 1723 673 ἐσκίρτα
1750 619 1809 658 καὶ
1839 621 2036 671 ἐκαυχᾶτο,
2066 618 2125 656 καὶ
2147 622 2206 656 νῦν
2226 618 2290 669 μὲν

1260 680 1391 732 ἔλεγεν,
1424 682 1478 719 ὅτι
1513 683 1567 719 Οὐ
1603 681 1706 731 μόνον
1740 681 1776 719 δὲ
1807 681 1861 718 ἐπ’
1882 678 1998 717 ἐλπίδι
2025 680 2088 725 τῆς
2106 677 2207 726 δόξης
2227 682 2289 718 τοῦ

1262 745 1376 790 Θεοῦ,
1395 742 1485 780 ἀλλὰ
1502 742 1560 780 καὶ
1592 743 1627 780 ἐν
1653 748 1727 786 ταῖς
1745 742 1882 793 θλίψεσι
1914 739 2151 792 καυχώμεθα·
2172 745 2231 779 νῦν
2250 741 2288 780 δὲ

1262 803 1382 848 πάλιν,
1411 806 1465 842 ὅτι
1503 802 1624 855 Χαίρω
1649 805 1685 841 ἐν
1718 809 1788 846 τοῖς
1814 802 2026 853 παθήμασι,
2047 801 2107 839 καὶ
2137 803 2288 840 ἀντανα-

1261 863 1387 915 πληρῶ
1407 863 1450 901 τὰ
1467 864 1697 916 ὑστερήματα
1718 866 1787 902 τῶν
1809 863 1957 915 oli-tazone
1988 867 2047 901 effi
2069 864 2222 915 Χριστοῦ
2251 864 2288 901 ἐν

1259 926 1303 975 τῇ
1321 925 1426 976 σαρκί
1442 940 1509 975 μου
1526 941 1533 948 ·
1551 925 1610 963 καὶ
1631 925 1736 977 χάριν
1750 925 1789 964 τὸ
1800 933 1947 977 πρᾶγμα
1966 927 2088 971 καλεῖ,
2106 926 2289 977 ὁμολογῶν

1260 985 1351 1023 οὕτω
1369 985 1428 1023 καὶ
1454 985 1578 1037 λέγων,
1598 988 1652 1025 ὅτι
1669 986 1778 1037 Ἡμῖν
1797 987 1905 1031 οὕτως
1936 987 2107 1039 ἐχαρίσθη
2128 987 2198 1025 ἀπὸ
2226 991 2289 1026 τοῦ

1260 1046 1435 1098 Χριστοῦ,
1454 1047 1492 1084 οὐ
1514 1047 1618 1096 μόνον
1639 1047 1679 1085 τὸ
1706 1049 1755 1090 εἰς
1785 1048 1888 1086 αὐτὸν
1906 1047 2098 1095 πιστεύειν,
2121 1047 2211 1086 ἀλλὰ
2228 1047 2288 1086 καὶ

1260 1104 1299 1142 τὸ
1333 1104 1423 1157 ὑπὲρ
1451 1106 1557 1144 αὐτοῦ
1593 1105 1759 1158 πάσχειν.
1782 1106 1960 1154 Τοιαύτην
1996 1101 2055 1145 οῦν
2090 1107 2150 1146 καὶ
2183 1110 2288 1158 ἡμεῖς

1260 1166 1514 1217 σπουδάσωμεν
1543 1166 1688 1217 γνώμην
1709 1165 1814 1219 ἔχειν,
1840 1167 1899 1205 καὶ
1920 1170 1995 1218 μεθ’
2016 1169 2143 1216 ἡδονῆς
2170 1168 2287 1210 πάντα

1260 1226 1419 1279 φέρωμεν
1450 1227 1493 1265 τὰ
1525 1228 1794 1280 προσπίπτοντα
1819 1228 1976 1280 λυπηρά.
2000 1228 2231 1279 Δυνησόμεθα
2250 1229 2286 1268 δὲ

1260 1288 1374 1341 φέρειν
1390 1319 1398 1333 ,
1431 1289 1472 1327 ἂν
1499 1290 1558 1328 τὸν
1591 1289 1683 1327 Θεὸν
1722 1288 1939 1342 φιλησωμεν,
1967 1292 2014 1333 ὡς
2051 1291 2070 1327 ὁ
2104 1288 2287 1342 προφήτης

1258 1351 1433 1403 ἐφίλησεν.
1454 1353 1507 1389 Οὐ
1528 1350 1594 1403 γὰρ
1619 1350 1660 1399 δὴ
1683 1351 1785 1402 μόνον
1812 1350 1882 1389 ἀπὸ
1900 1353 1962 1397 τῆς
1980 1353 2137 1398 ὓπακοῆς
2156 1350 2287 1398 ταύτης

1257 1413 1350 1452 ἐστὶν
1371 1414 1454 1451 ἰδεῖν
1475 1414 1579 1450 αὐτοῦ
1605 1413 1645 1451 τὸ
1664 1413 1820 1466 φίλτρον,
1845 1412 1935 1451 ἀλλὰ
1954 1412 2013 1451 καὶ
2037 1412 2106 1452 ἀπὸ
2122 1414 2190 1451 τῶν
2207 1412 2285 1460 ἑξῆς

1258 1474 1437 1527 ῥημάτων.
1457 1474 1574 1513 Εἰπὼν
1595 1474 1686 1526 γὰρ,
1707 1474 1775 1514 ιῸν
1795 1474 1923 1527 τρόπον
1939 1476 2097 1513 ἐπιποθεῖ
2116 1477 2138 1521 ἡ
2158 1474 2286 1528 ἔλαφος

1256 1537 1315 1574 ἐπὶ
1344 1536 1406 1580 τὰς
1435 1536 1549 1588 πηγὰς
1569 1538 1638 1574 τῶν
1658 1536 1806 1585 ὑδάτων,
1829 1535 1938 1580 οὕτως
1957 1537 2116 1574 ἐπιποθεῖ
2139 1538 2161 1582 ἡ
2185 1536 2283 1589 ψυχή

1257 1613 1323 1648 μου
1341 1598 1425 1650 πρὸς
1445 1597 1482 1637 σὲ
1496 1629 1505 1645 ,
1524 1600 1542 1636 ὁ
1558 1598 1648 1641 Θεός
1669 1613 1750 1648 μου,
1771 1598 1926 1649 ἐπήγαγε
1942 1596 2053 1648 λέγων
2067 1612 2076 1620 ·
2091 1597 2284 1650 Ἐδίψησεν

1256 1663 1277 1705 ἦ
1287 1659 1382 1712 ψυχή
1401 1675 1466 1710 μου
1481 1658 1567 1711 πρὸς
1577 1658 1635 1697 τὸν
1648 1658 1738 1697 (θεὸν
1754 1659 1811 1698 τὸν
1825 1658 1967 1711 ἰσχυρὸν
1980 1658 2038 1697 τὸν
2053 1660 2166 1703 ζῶντα
2176 1674 2184 1682 ·
2196 1659 2281 1697 πότε

1254 1720 1327 1767 ἥξω
1345 1721 1404 1759 καὶ
1430 1720 1629 1773 ὀφθήσομαι
1646 1723 1696 1773 τῷ
1714 1720 1893 1773 προσώπῳ
1912 1724 1972 1758 τοῦ
1992 1722 2084 1758 Θεοῦ
2100 1735 2110 1766 ;
2130 1721 2209 1759 Οὐκ
2227 1714 2282 1758 εἶ-

1254 1798 1331 1829 πεν,
1355 1782 1518 1834 ἐφίλησεν
1537 1785 1558 1828 ἡ
1577 1781 1676 1834 ψυχή
1709 1797 1774 1832 μου
1794 1782 1851 1820 τὸν
1869 1782 1961 1820 Θεὸν
1981 1782 2039 1820 τὸν
2055 1783 2167 1826 ζῶντα
2180 1809 2189 1827 ,
2209 1782 2280 1820 οὐδ’

1253 1845 1436 1894 ἠγάπησεν
1457 1847 1479 1891 ἡ
1499 1844 1596 1897 ψυχή
1617 1859 1683 1895 μου
1704 1843 1763 1882 τὸν
1781 1845 1873 1883 Θεὸν
1892 1844 1950 1883 τὸν
1970 1846 2104 1890 ζῶντα,
2126 1845 2203 1882 ἀλλ’
2224 1843 2282 1882 ἵνα

1252 1905 1314 1953 τὴν
1339 1905 1491 1945 διάθεσιν
1522 1905 1734 1955 ἐνδείξηται,
1763 1906 1859 1959 δίψος
1885 1905 2028 1943 ἐκάλεσε
2057 1905 2096 1944 τὸ
2124 1905 2281 1959 φίλτρον,

1251 1967 1433 2020 ἀμφότερα
1452 1970 1537 2018 ἡμῖν
1553 1968 1682 2016 δηλῶν,
1702 1967 1742 2006 τό
1760 1984 1797 2006 τε
1814 1966 1954 2011 διακαὲς
1967 1969 2029 2013 τῆς
2042 1966 2199 2018 ἀγάπης,
2220 1967 2279 2006 καὶ

1249 2029 1288 2067 τὸ
1308 2029 1462 2074 διηνεκὲς
1493 2033 1554 2067 τοῦ
1583 2028 1723 2081 ἔρωτος.
1755 2029 1924 2080 Καθάπερ
1942 2027 2010 2080 γὰρ
2048 2030 2080 2066 οἱ
2113 2029 2280 2081 διψῶντες

1250 2092 1312 2128 οὐκ
1337 2093 1372 2128 ἐν
1401 2097 1465 2143 μιᾷ
1489 2093 1592 2128 τοῦτο
1608 2090 1807 2143 πάσχουσιν
1823 2090 1939 2143 ἡμέρᾳ
1958 2090 2017 2128 καὶ
2044 2089 2105 2128 δύο
2124 2089 2183 2128 καὶ
2198 2105 2278 2143 τρι-

1250 2151 1319 2197 σὶν,
1340 2151 1429 2189 ἀλλὰ
1455 2152 1513 2190 καὶ
1545 2151 1602 2189 διὰ
1629 2152 1757 2196 παντὸς
1784 2156 1844 2190 τοῦ
1864 2152 1962 2204 βίου,
1983 2154 2047 2198 τῆς
2067 2150 2199 2204 φύσεως
2219 2153 2277 2192 ἐπὶ

1248 2215 1351 2250 τοῦτο
1370 2212 1494 2253 αὐτοὺς
1511 2212 1662 2264 ἀγούσης
1676 2229 1683 2236 ·
1701 2212 1793 2251 οὕτω
1809 2214 1851 2261 δὴ
1866 2214 1926 2252 καὶ
1947 2216 1965 2251 ὁ
1993 2214 2164 2266 μακάριος
2183 2215 2276 2253 ἐκεῖ·

1247 2289 1323 2318 νος,
1352 2274 1410 2312 καὶ
1430 2274 1557 2317 πάντες
1576 2276 1606 2312 οἱ
1632 2273 1742 2324 ἅγιοι,
1773 2278 1836 2312 οὐκ
1869 2276 1904 2313 ἐν
1925 2281 1990 2327 μιᾷ
2026 2274 2131 2325 μόνον
2158 2275 2276 2328 ἡμέρᾳ

1247 2335 1282 2371 ἐν
1304 2334 1486 2379 κατανύξει
1516 2335 1693 2386 ἐγένοντο,
1713 2335 1873 2388 καθάπερ
1899 2335 2022 2374 πολλοὶ
2053 2337 2121 2373 τῶν
2142 2336 2274 2389 ἀνθρώ·

1246 2413 1334 2443 πων,
1354 2397 1430 2436 οὐδὲ
1448 2399 1482 2434 ἐν
1498 2396 1574 2434 δυσὶ
1593 2396 1652 2435 καὶ
1669 2397 1761 2450 τρισὶ
1779 2401 1905 2445 (τοῦτο
1921 2396 1988 2448 γὰρ
2006 2395 2127 2435 ιὀὐδὲν
2141 2399 2272 2448 θαυμα-

1246 2459 1363 2505 στόν),
1383 2458 1472 2496 ἀλλὰ
1499 2458 1558 2496 καὶ
1579 2459 1746 2505 διηνεκῶς
1774 2457 1833 2496 καὶ
1862 2461 1940 2497 καθ’
1964 2458 2117 2504 ἑκάστην
2136 2459 2272 2511 ἡμέραν

1243 2522 1387 2573 ἐρῶντες
1409 2519 1581 2558 διετέλουν
1611 2521 1685 2570 μετ’
1717 2518 1924 2564 εὐλαςείας,
1951 2519 2010 2558 καὶ
2038 2519 2101 2567 τὴν
2130 2519 2273 2572 ἀγάπην

1241 2583 1432 2621 ἐπέτεινον.
1453 2581 1564 2634 Ἅπερ
1594 2576 1652 2620 οῦν
1684 2581 1742 2620 καὶ
1782 2582 1884 2626 αὐτὸς
1917 2582 2094 2634 ἐμφαίνων
2127 2582 2245 2635 ἔλεγεν
2264 2598 2272 2606 ·

1243 2644 1434 2695 Ἰίὂίψησεν
1453 2647 1475 2690 ἡ
1495 2642 1591 2696 ψυχή
1623 2659 1689 2694 μου
1724 2644 1809 2696 πρὸς
1838 2643 1897 2682 τὸν
1926 2644 2018 2682 Θεὸν
2049 2643 2108 2682 τὸν
2129 2645 2271 2698 ἰσχυρὸν

1242 2709 1300 2746 τὀν
1319 2709 1454 2754 ζῶντα,
1475 2709 1562 2757 ὁμοῦ
1581 2706 1641 2744 καὶ
1661 2705 1725 2752 τὴν
1764 2707 1878 2744 αἰτίαν
1915 2705 2022 2744 θέλων
2058 2709 2183 2754 εἰπεῖν,
2211 2707 2271 2746 καὶ

1242 2771 1299 2810 διὰ
1316 2769 1354 2810 σὲ
1376 2768 1584 2821 βουλόμενος
1605 2767 1736 2814 δεῖξαι,
1758 2771 1832 2811 πῶς
1851 2767 1891 2805 ἄν
1909 2783 1961 2810 τις
1978 2768 2037 2806 τὸν
2053 2767 2145 2807 Θεὸν
2159 2767 2269 2812 οὕτως

1242 2833 1415 2885 φιλήσειε.
1443 2830 1512 2869 Διὰ
1545 2829 1612 2882 γὰρ
1632 2833 1702 2868 τῶν
1723 2828 1801 2875 ἑξῆς
1828 2832 1930 2867 τοῦτο
1950 2829 2137 2876 ἐδήλωσεν,
2158 2829 2267 2868 εἰπὼν

1240 2893 1293 2932 ὅτι
1315 2893 1504 2945 Ἐδίψησεν
1523 2895 1545 2938 ἡ
1564 2891 1660 2945 ψυχή
1682 2906 1748 2941 μου
1778 2890 1864 2942 πρὸς
1887 2890 1944 2927 τὸν
1963 2888 2066 2935 (θεὸν,
2086 2889 2146 2928 καὶ
2176 2891 2267 2930 ἐπα-

1240 2954 1373 3006 γαγὼν,
1400 2954 1471 2993 Τὸν
1491 2955 1602 2998 ζῶντα
1617 2968 1624 2976 ·
1649 2951 1834 3003 μονονουχὶ
1853 2952 2030 3003 παραινῶν
2051 2950 2110 2988 καὶ
2128 2951 2265 3002 ἐμῧοῶν

1239 3021 1326 3054 πᾶσι
1346 3021 1416 3058 τοῖς
1442 3013 1526 3065 πρὸς
1546 3012 1591 3051 τὰ
1613 3011 1761 3064 βιωτικὰ
1784 3012 1978 3064 πράγματα
2003 3010 2195 3064 κεχηνόσι·
2231 3012 2266 3050 τί

1239 3092 1280 3114 πε
1289 3077 1319 3128 s).
1339 3075 1488 3127 σώματα
1508 3074 1695 3126 μαίνεσοε;
1716 3074 1750 3111 τί
1771 3073 1943 3124 σωμάτων
1967 3073 2091 3124 ἐρᾶτε;
2112 3072 2146 3110 τί
2165 3071 2265 3120 δόξης

1238 3140 1459 3188 ἑπιῡυμεῖτες
1491 3136 1524 3175 τί
1547 3137 1678 3188 τρυφῆς
1703 3134 1860 3187 ἐφίεσοε;
1882 3134 1995 3172 Οὐδὲν
2015 3133 2146 3172 τούτων
2166 3133 2263 3185 μένει

1237 3199 1294 3236 καὶ
1317 3201 1357 3249 ζῇ
1382 3200 1548 3245 διηνεκῶς
1561 3227 1570 3244 ,
1590 3196 1681 3236 ἀλλὰ
1707 3197 1838 3248 διαρρεῖ
1856 3195 1915 3233 καὶ
1943 3195 2183 3248 παρέρχεται,
2203 3195 2263 3234 καὶ

1235 3267 1333 3303 σκιᾶς
1354 3262 1439 3298 εἰσιν
1460 3258 1741 3310 οὐδαμινώτερα,
1763 3257 1822 3296 καὶ
1839 3256 1980 3308 ὀνείρων
1999 3255 2261 3311 ἁπατηλότερα,
