2430 3721
202 3290 307 3319 fmus:

126 3333 289 3361 Annum-os.

300 305 395 368 564

298 405 472 446 tidianam
494 403 573 456 ejus
588 400 819 442 oeconomiam
843 408 878 439 et
895 395 1252 441 administrationem,

300 480 364 520 per
391 464 578 511 miracula,
599 477 662 516 per
682 463 794 512 leges,
815 474 879 512 per
895 457 1073 510 supplicia
1088 485 1098 504 ,
1119 455 1254 494 variam

298 537 333 566 et
351 540 430 579 quae
446 522 699 578 comprehendi
726 534 794 559 non
816 527 928 573 potest
957 517 1036 570 ejus
1055 514 1252 571 providen-

299 589 400 635 tiam,
420 588 591 625 bonorum
609 583 766 621 omnium
784 594 976 626 summam,
989 578 1086 630 quod
1102 590 1146 616 ne
1160 575 1255 616 Filio

296 647 441 699 quidem
460 660 524 684 suo
545 643 702 697 pepercit
721 650 865 696 propter
883 653 961 689 nos,
980 653 1060 691 quae
1073 638 1147 691 jam
1170 636 1253 676 data

297 717 379 746 sunt
394 721 456 759 per
474 705 706 757 baptismum,
723 716 785 755 per
797 709 1030 748 sacramenta,
1045 714 1123 752 qua:
1136 697 1254 737 danda

297 776 378 805 sunt
403 767 494 805 bona
524 765 586 803 illa
610 762 819 804 ineffabilia.
839 774 1004 813 regnum.
1025 759 1254 799 resurrectio-

298 842 392 875 nem,
411 825 640 865 hereditatem
670 823 811 877 plenam
829 822 925 860 omni
953 819 1197 859 beatitudine?
1215 819 1253 858 Si

297 889 380 939 quis
396 888 490 926 enim
507 900 616 924 unum
633 883 801 936 quodque.
815 896 939 922 eorum
954 889 1150 928 enumeret,
1165 879 1253 918 inci-

297 950 358 988 det
388 950 422 987 iu
443 947 622 986 ineffabile
641 946 788 999 pelagus
806 943 1075 990 beneficiorum,
1098 950 1132 980 et
1147 940 1253 980 vide-

299 1011 354 1050 bit
371 1019 459 1062 quot
489 1007 693 1047 nominibus
710 1006 754 1045 sit
773 1005 926 1057 benigno
949 1005 1023 1043 Deo
1042 1002 1220 1042 obnoxius
1243 1017 1252 1039 :

301 1087 369 1111 non
399 1072 516 1111 solum
535 1079 652 1109 autem
685 1077 826 1122 propter
858 1066 947 1113 baec,
964 1064 1027 1104 sed
1045 1064 1151 1103 etiam
1170 1077 1255 1117 pro-

301 1143 379 1187 pter
392 1134 607 1186 majestatem
623 1131 699 1183 ejus
716 1128 852 1181 gloriae,
866 1136 1011 1181 propter
1021 1125 1257 1165 substantiam

298 1194 344 1232 ab
371 1193 467 1232 omni
499 1192 642 1231 interitu
670 1190 836 1228 alienam.
858 1189 950 1228 Nam
976 1187 1083 1226 etiam
1113 1194 1258 1240 propter

298 1269 376 1293 eam
393 1253 545 1293 debetur
562 1253 594 1292 ei
614 1267 634 1290 a
660 1251 762 1290 nobis
781 1250 895 1302 gloria
927 1258 961 1288 et
980 1247 1181 1287 benedictio
1194 1276 1204 1295 ,
1224 1255 1259 1285 et

301 1324 471 1369 perpetua
489 1314 683 1366 gratiarum
710 1313 818 1359 actio,
833 1310 951 1350 cultus
966 1319 1000 1349 et
1019 1308 1258 1348 ministerium

298 1375 500 1415 assiduum.
524 1375 604 1413 lloc
624 1373 742 1426 ipsum
759 1387 843 1424 ergo
860 1370 1031 1425 propheta
1051 1383 1194 1421 quoque
1205 1368 1258 1407 si-

301 1437 472 1490 gnilicans
503 1434 674 1474 dicebat:
703 1436 742 1474 5.
779 1436 949 1486 Magnus
984 1434 1200 1477 Dominus,
1220 1438 1257 1468 et

302 1497 518 1536 laudabilis
537 1499 651 1535 nimIs
668 1507 682 1534 .·
704 1503 742 1533 et
770 1492 1051 1546 magnituditiis
1078 1493 1160 1543 ejus
1181 1504 1260 1529 non

301 1568 357 1599 est
373 1560 481 1610 finis.
501 1558 682 1606 Quoniam
711 1557 805 1594 enim
836 1554 946 1602 dixit,
968 1553 1204 1592 Benedicam
1222 1561 1259 1590 et

303 1621 491 1668 laudabo,
513 1617 667 1658 ostendit
686 1631 769 1656 eum
787 1629 857 1654 non
875 1629 978 1668 egere
995 1614 1125 1653 nostris
1145 1612 1261 1652 laudi-

303 1682 371 1721 bus
391 1695 453 1720 nec
471 1678 794 1726 benedictionibus,
814 1691 876 1716 nec
891 1677 969 1729 ejus
986 1675 1106 1728 gloria!
1120 1674 1261 1726 aliquid

303 1742 470 1782 accedere
487 1757 506 1780 a
526 1740 696 1780 laudibus
715 1753 839 1778 eorum
857 1738 920 1789 qui
938 1737 1150 1775 ministrant.
1174 1737 1261 1788 Ejus

304 1803 400 1843 enim
420 1803 617 1842 substantia
644 1810 696 1840 est
726 1801 771 1839 ab
805 1799 950 1838 interitu
984 1798 1115 1845 aliena,
1134 1807 1168 1836 et
1185 1806 1263 1849 eget

305 1865 408 1904 nullo
427 1865 511 1903 alio.
533 1863 606 1913 Qui
625 1872 745 1901 autem
765 1861 883 1914 ipsum
905 1859 1065 1906 laudant,
1087 1859 1154 1912 ipsi
1174 1873 1260 1897 eva-

303 1926 394 1965 dunt
419 1926 600 1965 clariores.
623 1926 702 1964 Non
722 1923 839 1963 solum
865 1930 983 1960 autem
1014 1929 1159 1973 propter
1180 1921 1261 1966 boc,

303 1987 367 2026 sed
397 1987 504 2025 etiam
541 1995 685 2040 propter
723 1983 954 2023 excellentem
996 1981 1073 2034 ejus
1111 1982 1263 2033 gloriam

304 2047 455 2087 debetur
471 2048 505 2085 ei
524 2061 542 2085 a
563 2046 667 2085 nobis
686 2039 865 2090 laudatio,
882 2052 915 2082 et
935 2041 1014 2081 idco
1037 2043 1104 2081 hoc
1122 2042 1263 2091 signifi-

303 2124 387 2149 cans
411 2108 524 2155 dixit,
544 2109 712 2160 Magnus
745 2107 955 2152 Dominus,
976 2112 1011 2142 et
1049 2104 1263 2142 laudabilis

307 2174 447 2215 nimis;
469 2170 536 2208 hoe
563 2178 636 2213 est,
669 2167 807 2207 nullius
846 2165 1019 2217 indigens.
1053 2164 1153 2214 Quid
1189 2175 1261 2213 est,

309 2231 565 2272 Laudabilis?
587 2229 726 2281 Dignus
745 2228 807 2280 qui
831 2226 1000 2265 laudibus
1013 2256 1024 2274 ‚
1045 2226 1214 2264 encomiis
1231 2236 1265 2266 et

308 2292 453 2345 hymnis
478 2290 691 2329 celebretur.
711 2291 790 2329 Non
809 2297 861 2326 est
880 2295 1000 2325 autem
1017 2286 1132 2324 solum
1162 2288 1265 2325 Lau-

308 2353 470 2398 dabilis,
487 2350 565 2397 sed,
582 2350 706 2388 Valde
721 2348 934 2387 laudabilis
952 2363 960 2384 :
978 2356 1012 2385 et
1029 2346 1108 2384 ideo
1122 2347 1189 2385 hoc
1206 2348 1267 2385 ad-

306 2413 391 2467 jecit
415 2429 424 2451 =
445 2426 528 2451 cum
557 2419 675 2449 autem
703 2423 811 2460 quam
840 2408 886 2447 sit
917 2406 1129 2454 laudabilis,
1148 2408 1267 2446 verbis

312 2488 381 2513 non
402 2482 517 2527 posset
536 2471 751 2524 exprimere,
773 2467 976 2520 subjunxit,
997 2469 1050 2506 Ee
1074 2469 1267 2519 maguitu-

311 2537 414 2574 dint's
433 2537 514 2587 ejus
533 2533 721 2585 nonfinis
737 2549 747 2568 .·
763 2529 859 2582 quod
877 2528 1023 2581 quidam
1043 2528 1136 2566 alius
1156 2529 1264 2567 inter—

312 2612 392 2651 pres
407 2596 516 2642 dixit,
530 2595 723 2633 Inventio.
736 2590 844 2641 Quod
858 2599 974 2629 autem
991 2589 1094 2635 dicit,
1106 2598 1158 2627 est
1173 2589 1267 2641 ejus·

313 2657 409 2696 modi
433 2674 441 2694 ε
465 2654 644 2706 Quoniam
673 2666 840 2704 magnum
866 2651 975 2690 babes
995 2650 1202 2698 Dominum,
1220 2650 1269 2688 sis

312 2733 453 2771 quoquc
487 2726 523 2756 tu
544 2715 717 2760 excelsus,
736 2723 770 2752 et
802 2723 836 2752 te
865 2712 995 2765 expedi
1015 2727 1034 2750 a
1055 2711 1161 2750 rebus
1190 2726 1269 2764 qua:

313 2779 358 2818 ad
373 2780 463 2817 hanc
475 2778 583 2816 vitam
601 2776 791 2829 pertinent.
803 2775 913 2813 Sume
928 2773 1077 2826 spiritus
1089 2774 1151 2824 qui
1167 2787 1270 2826 supe-

314 2850 390 2880 rent
410 2839 635 2894 pra-*sentium
657 2851 774 2876 rerum
802 2834 1054 2880 bumilitatem,
1075 2849 1144 2873 non
1168 2843 1206 2873 ut
1222 2834 1272 2873 sis

313 2903 407 2942 elato
417 2901 536 2939 animo
550 2909 582 2937 et
600 2897 768 2944 insolens,
781 2894 843 2934 sed
860 2909 988 2947 magno
1001 2895 1183 2934 etexeelso
1198 2895 1271 2933 ani-

317 2978 389 3003 mo.
414 2961 519 3001 Aliud
539 2960 635 2999 enim
654 2957 876 3009 arrogantia,
892 2965 927 2995 et
944 2956 1046 2995 aliud
1065 2955 1273 3007 magnitudo

317 3025 441 3064 animi.
456 3025 521 3064 Est
530 3023 624 3061 enim
638 3018 895 3073 arrogans.qui
914 3027 1058 3071 propter
1075 3033 1129 3057 res
1147 3033 1274 3071 parvas

319 3102 355 3126 se
381 3089 498 3138 jactat,
517 3095 548 3124 et
569 3096 756 3123 conservos
791 3079 965 3132 despicit5
985 3079 1057 3119 alto
1086 3089 1204 3118 autem
1223 3089 1275 3118 est

320 3148 453 3193 animo,
473 3146 535 3196 qui
556 3154 671 3183 mente
689 3152 740 3182 est
759 3141 924 3190 luimilis,
941 3150 975 3180 et
992 3141 1175 3195 praesentis
1195 3140 1275 3180 viiae

322 3222 470 3261 pompas
486 3206 577 3245 nihil
593 3220 668 3244 esse
683 3203 875 3243 existimat.

377 3271 413 3308 2.
431 3268 506 3310 Ubi
519 3281 612 3306 nunc
625 3274 706 3305 sunt
717 3263 780 3315 qui
793 3263 918 3303 dicunt
929 3276 966 3303 se
978 3263 1093 3302 Deum
1107 3262 1152 3301 ita
1167 3275 1281 3311 nosse,
1305 3271 1331 3304 Ε

735 315 775 351 S·
812 313 1000 350 JOANMS
1034 310 1282 346 citanosT.

368 3425 381 3440 ¹
405 3411 573 3455 ἣμενῐπτκι
591 3417 657 3441 “⁰³
672 3407 763 3451 Μαι,
782 3412 956 3451 (putativae
972 3401 1086 3440 morel.
1103 3410 1136 3436 et
1151 3401 1254 3437 Savil.

369 3467 386 3491 b
410 3465 492 3504 Qui.-
508 3464 550 3494 sit
567 3461 619 3493 hic
637 3460 809 3502 interpres,
824 3459 881 3502 qui
899 3459 998 3490 vertit
1015 3459 1173 3503 ίξιύρισις,
1192 3465 1258 3488 non
1273 3464 1332 3487 no-

1321 309 1527 342 ARCHOEP.
1566 308 1931 342 cons‘rax'rmov.

1328 393 1464 445 ἡμέραν
1483 392 1696 444 οἰκονομίαν,
1725 392 1791 441 τὴν
1809 392 1867 432 διὰ
1893 394 1964 431 τῶν
1980 394 2184 444 θαυμάτων,
2203 394 2269 442 τὴν
2298 392 2357 436 διὰ

1328 456 1398 492 τῶν
1417 453 1545 505 νόμων,
1562 453 1628 501 τὴν
1644 453 1701 492 διὰ
1726 456 1798 492 τῶν
1814 456 2006 506 τιμωριῶν,
2028 454 2091 501 τὴν
2110 455 2273 502 ποικίλην
2297 457 2357 494 αὖ·

1328 517 1388 553 τοῦ
1419 515 1584 566 πρόνοιαν
1613 515 1673 553 καὶ
1698 513 1961 563 ἀκατάληπτον,
1991 515 2033 554 τὸ
2065 516 2253 568 κεφάλαιον
2285 519 2356 555 τῶν

1329 576 1483 627 α’γαῡῶν,
1501 575 1554 613 ὅτι
1573 575 1651 614 οὐδὲ
1675 580 1736 614 τοῦ
1754 577 1970 627 Μονογενοῧς
1993 575 2156 628 ἐρείσατο
2174 576 2219 614 δι’
2236 579 2331 628 ἠμῖς
2345 608 2355 625 ,

1328 635 1373 674 τὰ
1392 635 1534 674 δοθέντα
1566 636 1634 683 ἤδη
1666 635 1723 674 διὰ
1742 639 1802 674 τοῦ
1832 636 2077 687 βαπτίσματος
2090 665 2101 684 ,
2122 636 2181 676 διὰ
2199 638 2270 676 τῶν
2290 654 2358 689 μυ-

1329 698 1482 749 στηρίων
1494 728 1503 744 ,
1539 697 1583 734 τὰ
1622 697 1795 748 μέλλοντα
1827 697 2060 745 δοθήσεσθαι,
2094 697 2138 736 τὰ
2171 698 2356 752 ἀπόρῤητα

1329 759 1443 809 ἀγαθὰ
1474 760 1588 796 ἐκεῖνα
1601 789 1610 804 ,
1642 758 1707 806 τὴν
1741 759 1936 810 βασιλείαν,
1967 758 2032 806 τὴν
2060 759 2266 806 ἀνάστασιν,
2290 760 2357 808 τὴν

1327 819 1427 866 λῆξιν
1455 819 1520 866 τὴν
1553 819 1668 867 πάσης
1699 819 1958 872 μακαριότητος
1982 820 2185 871 γέμουσαν;
2204 821 2266 860 Ἂν
2287 820 2357 874 γὰρ

1329 881 1474 919 ἕκαστόν
1506 896 1558 924 τις
1578 882 1709 920 τούτοιν
1729 881 1907 933 καταλέγῃ
1923 910 1932 927 ,
1964 881 2013 925 εἷς
2040 883 2193 934 πέλαγος
2224 883 2361 935 ἄφατον

1327 943 1564 992 ’ἐμπεσεῖται
1596 945 1801 994 εὐεργεσιῶν
1817 973 1826 989 ,
1862 943 1921 980 καὶ
1957 944 2080 995 ὄψεται
2112 944 2230 982 πόσων
2262 942 2368 982 ἐστὶν

1327 1003 1514 1047 ὑπεύθυνος
1532 1007 1582 1056 τῷ
1603 1004 1838 1056 φιλανθρώπῳ
1852 1007 1937 1056 Θεῷ
1950 1020 1957 1028 ·
1975 1005 2014 1042 οὐ
2031 1004 2087 1043 διὰ
2103 1007 2213 1043 ταῦτα
2233 1004 2270 1044 δὲ
2291 1005 2357 1055 μό·

1329 1078 1398 1110 νον,
1421 1064 1510 1102 ἀλλὰ
1527 1065 1587 1102 καὶ
1607 1063 1663 1102 διὰ
1683 1065 1721 1103 τὸ
1741 1067 1924 1115 μεγαλεῖον
1948 1068 2011 1111 τῆς
2031 1065 2132 1112 δόξης
2151 1066 2257 1104 αὐτοῦ
2270 1096 2280 1110 ,
2302 1065 2360 1104 διὰ

1329 1123 1392 1170 τὴν
1407 1124 1584 1176 ἀκήρατον
1603 1125 1736 1164 οὐσίαν.
1756 1126 1825 1164 Καὶ
1838 1126 1906 1178 γὰρ
1926 1126 1984 1164 καὶ
2005 1126 2060 1163 διὰ
2079 1126 2211 1174 ταύτην
2227 1127 2359 1180 ὀφείλε-

1329 1199 1388 1222 ται
1404 1186 1499 1237 αὐτῷ
1523 1187 1607 1237 παρ’
1626 1188 1726 1237 ἡμῶν
1749 1180 1862 1232 αἶνος,
1888 1187 1947 1224 καὶ
1974 1187 2135 1236 εὐλογία,
2162 1189 2222 1226 καὶ
2241 1189 2360 1236 διηνε-

1330 1246 1394 1292 κὴς
1410 1247 1616 1299 εὐχαριστία
1629 1276 1639 1292 ,
1660 1247 1720 1285 καὶ
1738 1247 1903 1299 λατρεία,
1930 1247 1990 1286 καὶ
2010 1247 2168 1286 διακονία
2195 1250 2358 1302 συνεχής.

1331 1308 1446 1346 Τοῦτο
1464 1311 1547 1359 γοῦν
1571 1308 1654 1346 αὐτὸ
1674 1309 1790 1355 δηλῶν
1807 1309 1866 1347 καὶ
1881 1312 1900 1348 ὁ
1917 1308 2122 1361 προφήτης,
2147 1308 2267 1362 Μέγας
2286 1310 2360 1350 Κύ-

1333 1384 1421 1422 ριος,
1444 1369 1548 1423 φησὶ,
1571 1370 1630 1408 καὶ
1649 1369 1781 1414 αἰνετὸς
1806 1370 1961 1423 σφόδρα,
1987 1371 2046 1409 καὶ
2067 1372 2131 1416 τῆς
2150 1371 2361 1423 μεγαλωσύ-

1331 1446 1392 1477 νης
1418 1433 1523 1470 αὐτοῦ
1542 1433 1605 1470 οὐκ
1626 1432 1700 1470 ἔστι
1718 1431 1838 1484 πέρας.
1856 1431 2004 1478 Ἐπειδὴ
2032 1432 2101 1484 γὰρ
2119 1425 2228 1479 εἶπεν,
2247 1433 2362 1472 Εὐλο-

1331 1492 1430 1543 γῆσω
1448 1493 1508 1530 καὶ
1527 1492 1672 1540 αἰνέσω,
1704 1493 1875 1531 δείκνυσιν
1900 1492 1953 1531 ὅτι
1977 1494 2016 1531 οὐ
2046 1493 2170 1546 χρείαν
2198 1491 2273 1546 (χει
2291 1495 2362 1532 τῶν

1331 1556 1415 1606 παρ’
1433 1556 1534 1603 ἡμῶν
1554 1555 1672 1601 αἴνων,
1692 1554 1770 1592 οὐδὲ
1793 1557 1863 1593 τῶν
1880 1556 2059 1606 εὖλογιίὖν,
2078 1553 2156 1593 οὐδὲ
2175 1554 2363 1607 προστίθι·

1332 1630 1391 1652 ται
1411 1616 1514 1653 αὐτοῦ
1534 1629 1568 1652 τι
1588 1617 1630 1666 τῇ
1657 1614 1737 1666 δόξῃ
1768 1614 1866 1667 παρὰ
1893 1618 1955 1662 τῆς
1985 1617 2055 1654 τῶν
2085 1615 2362 1666 διακονουμένων

1334 1675 1520 1728 εὐφημίας.
1541 1676 1732 1728 Ἀκήρατος
1749 1676 1817 1728 γὰρ
1837 1677 1942 1714 αὐτοῦ
1960 1679 1982 1723 ἡ
2003 1676 2106 1715 οὐσία
2123 1676 2183 1715 καὶ
2202 1675 2364 1724 ἀνενδεὴς

1334 1731 1421 1775 οὖσα
1449 1736 1584 1779 οὐδενὸς
1607 1737 1724 1789 ἐτέρου
1745 1738 1961 1787 προσδεῖται.
1989 1739 2036 1774 Οἱ
2055 1735 2090 1775 δὲ
2110 1739 2285 1780 αἰνοῦντες
2302 1738 2365 1775 αὖ·

1334 1797 1406 1845 τὸν,
1418 1798 1515 1836 αὐτοὶ
1528 1797 1767 1850 λαμπρότεροι
1783 1797 1950 1848 γίνονται.
1974 1799 2029 1835 Οὐ
2047 1796 2104 1835 διὰ
2122 1801 2225 1835 τοῦτο
2244 1797 2280 1836 δὶ
2297 1796 2363 1847 μό·

1336 1873 1405 1905 νον,
1427 1859 1517 1897 ἀλλὰ
1536 1859 1595 1896 καὶ
1616 1857 1672 1896 διὰ
1691 1858 1730 1896 τὸ
1748 1857 1920 1910 ὑπερέχον
1939 1859 2043 1896 αὐτοῦ
2062 1860 2126 1904 τῆς
2147 1856 2246 1905 δόξης
2264 1857 2365 1910 ὀφεί-

1335 1921 1433 1958 λεται
1453 1922 1547 1972 αὐτῷ
1566 1918 1722 1971 εὐφημία
1740 1920 1822 1971 παρ’
1843 1922 1958 1969 ἡμῶν.
1976 1919 2040 1956 Διὸ
2056 1919 2231 1957 καὶτοῦτο
2247 1919 2363 1966 δηλῶν

1337 1975 1431 2028 εἶπε,
1454 1981 1573 2032 Μέγας
1599 1981 1746 2032 Κύριος,
1767 1980 1827 2018 καὶ
1843 1979 1976 2023 αἰνετὸς
2003 1979 2157 2033 σφόδρα·
2172 1979 2365 2027 τουτέστιν,

1337 2042 1472 2086 οὐδενὸς
1490 2042 1662 2092 δεόμενος.
1676 2041 1723 2080 Τί
1742 2043 1849 2089 ἐστιν,
1870 2039 2023 2087 Αἱνετόςς
2039 2042 2233 2094 Εὐφημιῶν
2251 2040 2364 2087 ἄξιος,

1338 2104 1522 2155 ἐγκωμίων
1536 2103 1596 2141 καὶ
1617 2103 1733 2154 ὕμνων
1745 2118 1754 2127 ·
1770 2106 1837 2154 οὐχ
1849 2102 1987 2147 ἁπλῶς,
2007 2102 2167 2149 Αἰνετὸς,
2182 2100 2274 2141 ἀλλὰ
2284 2101 2365 2149 καὶ,

1341 2165 1481 2218 Σφόδρα
1495 2181 1502 2189 ·
1534 2165 1586 2203 διὸ
1606 2164 1664 2203 καὶ
1684 2168 1786 2203 τοῦτο
1815 2162 2010 2215 προσέθηκε
2024 2177 2033 2187 ·
2053 2163 2160 2202 πόσον
2181 2163 2217 2202 8³
2233 2161 2366 2205 αἶνετὸς

1339 2229 1378 2266 οὐ
1405 2226 1593 2278 δυνάμενος
1621 2227 1850 2277 παραστῆσαι
1878 2227 1928 2276 τῷ
1954 2223 2072 2277 λόγῳ,
2096 2224 2275 2276 ἐπήγαγε·
2296 2222 2367 2263 Καὶ

1339 2292 1401 2335 τῆς
1421 2286 1671 2339 μεγαλωσύνης
1690 2289 1794 2325 αὐτοῦ
1818 2287 1881 2324 οὐκ
1899 2286 1972 2324 ἔστι
1997 2286 2105 2339 πέρας
2117 2301 2126 2311 ·
2152 2284 2170 2308 ⁶
2183 2287 2269 2340 ὅπερ
2288 2286 2367 2326 ἴτε-

1343 2365 1397 2403 ρος
1428 2348 1643 2401 ἑρμηνευτὴς
1657 2377 1666 2394 ,
1697 2346 1892 2398 Ἰἰξεύρεσις
1905 2375 1915 2392 ,
1947 2339 2055 2386 εἶπεν.
2089 2346 2141 2387 Ὃ
2174 2347 2209 2387 δὲ
2242 2347 2338 2400 λέγει
2354 2376 2365 2394 ,

1340 2410 1493 2450 τοιοῦτόν
1513 2411 1606 2447 ἐστιν
1618 2423 1626 2431 ·
1642 2408 1718 2445 ἐπεὶ
1739 2407 1848 2457 μέγαν
1869 2407 1962 2458 ἔχεις
1978 2407 2174 2455 Δεοπότην,
2190 2411 2290 2460 γενοῦ
2306 2410 2366 2448 καὶ

1341 2471 1382 2510 σὺ
1403 2470 1533 2524 ὑψηλὸς
1546 2498 1556 2515 ,
1577 2470 1636 2507 καὶ
1655 2471 1725 2505 τῶν
1748 2468 1921 2518 βιιιιτικῶν
1942 2467 2167 2518 ἀπαλλάγηθι
2193 2470 2365 2521 πραγμά-

1341 2548 1420 2571 των.
1442 2530 1539 2570 Ades
1565 2529 1727 2582 φρόνημα
1746 2527 1917 2578 ἀνώτερον
1947 2529 2010 2573 τῆς
2028 2529 2277 2577 ταπεινότητος
2294 2531 2366 2569 τῶν

1341 2592 1537 2645 παρόντων,
1557 2593 1624 2642 οὐχ
1647 2589 1702 2627 ἵνα
1722 2587 1997 2639 ἀπονενοημένος
2016 2588 2100 2641 γε’νῃ
2127 2590 2187 2628 καὶ
2213 2590 2365 2640 ἀλαζὼν,

1342 2656 1419 2694 ἀλλ’
1447 2653 1502 2691 ἵνα
1530 2651 1758 2704 μεγαλόφρων
1778 2650 1838 2688 καὶ
1864 2648 2088 2700 μεγαλόνους.
2110 2650 2261 2705 Ἕτερον
2296 2651 2365 2706 γὰρ

1343 2713 1543 2760 ἀλαζονεία,
1577 2712 1634 2751 καὶ
1670 2712 1786 2764 ἕτερον
1823 2711 2083 2763 μεγαλοψυχία.
2115 2710 2266 2758 Ἀλαζὼν
2300 2714 2366 2765 μὶν

1342 2778 1410 2830 γάρ
1428 2779 1521 2815 ἐστιν
1537 2778 1555 2813 ὁ
1577 2775 1635 2813 ἐπὶ
1653 2780 1723 2816 τοῖς
1742 2778 1879 2824 μικροῖς
1894 2772 2097 2823 κομπάζων,
2115 2773 2174 2812 καὶ
2194 2775 2264 2812 τῶν
2278 2776 2367 2826 ὁμο-

1346 2839 1476 2878 δούλων
1494 2838 1672 2889 ὑπερορῶν
1685 2851 1692 2859 ·
1714 2835 1844 2887 ὑψηλὸς
1863 2833 1898 2872 δὲ
1911 2836 1930 2872 ὁ
1944 2834 2105 2878 ταπεινὸς
2122 2834 2185 2882 τὴν
2201 2834 2369 2883 διάνοιαν,

1345 2902 1402 2940 καὶ
1421 2901 1482 2943 τὰς
1502 2897 1692 2952 φαντασίας
1711 2900 1771 2935 τοῦ
1790 2894 1958 2947 παρόντος
1978 2895 2054 2946 βίου
2080 2896 2179 2936 οὐδὲν
2197 2890 2286 2936 εἶναι
2313 2912 2371 2936 νο-

1345 2963 1464 3015 μίζων.

1407 3263 1482 3301 Ποῦ
1502 3263 1560 3299 νῦν
1578 3259 1665 3298 εἰσιν
1686 3259 1719 3296 οἱ
1739 3256 1898 3309 λίγοντις
1917 3256 2026 3302 οὕτως
2044 3256 2173 3296 εἷδίναι
2189 3256 2248 3297 τὸν
2265 3256 2374 3304 Θεὸν,

1367 3400 1468 3434 vertit
1494 3403 1690 3445 ἀνιξώριτος.
1706 3399 1930 3443 Hieronymus
1955 3396 2010 3431 hic
2034 3398 2153 3438 vertit,
2168 3408 2234 3430 non
2254 3404 2303 3430 est
2328 3399 2378 3429 in·

1373 3460 1492 3485 ventu).

327 3523 427 3548 tatur.
455 3514 513 3546 Est
549 3513 633 3546 forte
659 3510 794 3553 Aquila,
818 3510 874 3553 qui
901 3510 998 3542 Prov.
1024 3510 1078 3546 2⁵.
1103 3511 1136 3546 3,
1170 3510 1339 3562 ἾΡΓΓῙἫ
