2383 3751
777 248 1019 278 ExposlTlo
1056 248 1098 277 IN

96 332 215 383 διόπερ
239 330 356 369 οὐκέτι
376 332 422 374 ὡς
448 330 564 382 ἰατρὸς
577 359 586 376 ,
606 331 684 368 ἀλλ’
699 332 746 373 ὡς
762 330 930 376 δικαστὴς
951 329 1122 381 φαίνεται.

93 401 138 439 ‘O
153 403 234 451 γοῦν
251 399 387 446 Δανιὴλ
405 399 463 437 καὶ
479 399 537 436 τὸν
555 399 672 451 θρόνον
693 402 798 437 αὐτοῦ
820 398 962 450 βλέπει,
985 397 1044 435 καὶ
1064 397 1122 436 τὸν

91 469 250 518 ποταμὸν
266 470 334 522 πρὸ
349 473 409 507 τοῦ
428 469 585 520 βήματος
607 469 793 519 ἑλκόμενον
805 498 814 515 ,
830 469 889 506 καὶ
916 467 1031 505 πάντα
1054 466 1123 504 ἀπὸ

91 538 198 590 πυρὸς
214 539 309 590 αὐτῷ
329 538 522 585 δείκνυται,
541 538 580 576 τὸ
606 537 702 589 ἅρμα
715 567 724 583 ,
748 540 779 575 οἱ
795 537 927 589 τροχοί.
943 536 1034 575 Ἀλλ’
1059 538 1125 587 οὐχ

91 607 148 645 ὅτε
181 606 278 658 παρὰ
307 607 371 653 τὴν
404 605 517 658 ἀρχὴν
548 606 607 644 καὶ
641 608 676 644 ἐν
708 609 752 658 τῇ
786 605 908 657 πρώτῃ
949 603 1124 655 παρουσίᾳ

90 673 106 695 ¹³
120 675 343 727 παρεγένετο,
364 673 471 718 ἔδειξε
489 690 525 712 τι
543 678 710 720 τοιοῦτον,
732 676 769 712 οὐ
789 677 872 725 πῦρ,
889 675 926 711 οὐ
942 672 1102 722 ποταμὸν
1113 699 1123 717 ,

90 747 153 782 οὐκ
173 745 258 783 ἄλλο
277 747 345 782 τῶν
364 744 529 782 τοιούτων
549 743 646 782 οὐδέν
658 760 666 768 ·
687 744 776 782 ἀλλὰ
798 743 910 796 φάτνη
934 743 994 782 καὶ
1014 759 1121 781 κατα-

89 813 214 865 γώγιον
227 841 237 859 ,
267 813 326 851 καὶ
345 813 484 858 καλύὸη
498 842 508 859 ,
524 813 583 851 καὶ
613 813 732 866 μήτηρ
753 813 914 865 πενιχρά.
933 812 1067 856 Ἄλλως
1087 812 1122 850 δὲ

90 882 150 921 καὶ
165 882 205 920 τὸ
222 881 394 933 ἄτρεπτον
422 883 527 920 αὐτοῦ
548 881 720 920 δείκνυσιν
750 884 906 920 ἐντεῦθεν
927 881 986 919 καὶ
1016 883 1122 920 ἀναλ-

89 951 246 990 λοίωτον.
263 951 411 999 Ἐπειδὴ
428 951 495 1005 γὰρ
515 953 623 1005 ἔφησε
640 952 698 990 τὸν
714 952 772 990 ἐπὶ
794 956 853 991 τοῦ
874 952 994 1004 θρόνου
1010 953 1120 1000 καθή-

90 1038 193 1074 μενον
209 1022 314 1075 τρίχα
334 1022 426 1075 ἔχειν
453 1022 580 1070 λευκὴν
602 1023 685 1061 ὡσεὶ
704 1023 794 1075 ἔριον
807 1052 816 1070 ,
831 1022 891 1060 καὶ
917 1023 1057 1074 ἱμάτιον
1075 1025 1122 1066 ὡς

87 1091 202 1144 χιόνα,
221 1091 278 1129 ἵνα
296 1091 345 1142 μὴ
365 1091 489 1144 τρίχας
505 1091 662 1144 νομίσῃς,
685 1091 775 1143 μήτε
791 1091 950 1143 ἱμάτιον,
972 1092 1064 1130 ἀλλὰ
1083 1092 1122 1130 τὸ
1142 1099 1166 1128 D

88 1159 258 1213 καθαρὸν,
285 1160 344 1198 καὶ
367 1160 406 1198 τὸ
426 1160 580 1212 διαυγὲς,
601 1164 670 1213 πῦρ
689 1165 870 1214 πανταχοῦ
898 1155 986 1200 εἶναι
1003 1161 1119 1212 λέγει·

123 1233 168 1282 ῦρ
187 1230 334 1268 ἐνώπιον
355 1231 459 1268 αὐτοῦ
479 1229 706 1278 καυθήσεται,
722 1230 781 1268 καὶ
800 1230 919 1284 κύκλῳ
940 1233 1044 1268 αὐτοῦ
1060 1246 1123 1268 κα-

87 1300 200 1352 ταιγὶς
211 1300 357 1353 σφοδρά.
367 1299 473 1338 Οὕτω
489 1300 548 1338 καὶ
559 1296 656 1344 οὗτος
668 1303 755 1352 ὁμοῦ
767 1317 805 1339 τε
819 1301 858 1339 τὸ
873 1301 1120 1347 ἀναλλοίωτον,

89 1370 148 1408 καὶ
163 1370 348 1422 ἄτρεπτον,
365 1370 424 1408 καὶ
440 1370 618 1422 φωτεινὸν,
635 1370 694 1408 καὶ
709 1371 898 1423 ἀπρόσιτον
916 1370 974 1408 διὰ
988 1370 1120 1408 τούτων

90 1440 304 1478 ἐνδείκνυται
319 1442 388 1477 τῶν
408 1440 561 1478 εἰκόνων.
584 1439 656 1478 Καὶ
674 1442 740 1492 οὐχ
758 1440 900 1478 ἵσταται
921 1440 1026 1492 μέχρι
1058 1443 1118 1478 τοῦ

88 1509 207 1560 πυρὸς,
230 1508 320 1547 ἀλλὰ
349 1508 388 1546 τὸ
419 1508 565 1560 σφοδρὸν
597 1510 660 1554 τῆς
689 1508 860 1560 τιμωρίας
890 1511 1120 1560 παραστῆσαι

89 1578 309 1628 βουλόμενος,
331 1578 454 1629 ἐπάγει
469 1577 581 1629 λέγων
594 1593 601 1601 ·
618 1578 789 1629 Καταιγὶς
818 1578 963 1630 σφοδρά.
983 1580 1118 1616 Καται-

85 1646 140 1697 γὶς
157 1646 194 1684 δὲ
215 1646 353 1697 λέγεται
375 1646 396 1692 ἢ
419 1648 529 1698 βῶλος
553 1645 668 1699 χιόνος
693 1646 867 1699 ἀφόρητος
884 1646 924 1684 τὸ
941 1648 1117 1698 ἐμπῖπτον

86 1714 178 1753 ἅπαν
207 1715 460 1768 παρασύρουσα
494 1715 553 1754 καὶ
583 1715 875 1768 καταστρέφουσα
891 1746 901 1764 ,
923 1715 945 1762 ἢ
968 1717 1117 1769 ῥαγδαία

85 1784 293 1835 πνευμάτων
324 1784 415 1837 ῥύμη
436 1783 476 1823 τὸ
506 1784 589 1823 αὐτὸ
609 1785 650 1833 δὴ
679 1785 916 1837 ἐργαζομένη,
949 1786 1008 1824 καί
1028 1786 1118 1839 ἀφό-

87 1868 189 1904 ρητος
208 1847 295 1892 οῦσα
323 1860 394 1898 τοῖς
421 1854 686 1907 ἐντυγχάνουσι.
708 1857 829 1900 Δεῖξαι
848 1856 961 1893 τοίνυν
991 1855 1113 1907 βουλό·
1138 1862 1162 1892 Ε

86 1938 186 1973 μενος
218 1924 258 1962 τὸ
289 1923 462 1977 ἀφόρητον
495 1927 558 1970 τῆς
590 1924 768 1967 κολάσεως
795 1925 948 1971 ἐκείνης,
986 1924 1116 1969 ταύτας

84 1993 270 2046 παρήγαγε
297 1994 359 2038 τὰς
389 1993 535 2037 εἰκόνας.
562 1994 852 2046 Προσκαλέσεται
881 1995 940 2033 τὸν
972 1996 1114 2047 οὐρανὸν

85 2063 179 2112 ἅνω,
207 2063 267 2102 καὶ
285 2063 350 2110 τὴν
378 2067 467 2115 γ’ἧν,
488 2068 548 2101 τοῦ
584 2065 757 2116 διακρῖναι
787 2065 845 2102 τὸν
878 2065 962 2104 λαὸν
992 2067 1112 2103 αὐτοῦ.

85 2132 199 2170 Πάλιν
230 2135 298 2170 τῶν
333 2133 514 2184 στοιχείων
545 2132 746 2183 μέμνηται,
777 2135 819 2172 δι’
853 2127 900 2172 ὧν
931 2134 976 2171 τὰ
1008 2134 1115 2187 μυρία

83 2201 224 2253 γέγονεν
257 2202 369 2253 ἀγαθὰ
396 2205 446 2254 τῷ
479 2202 570 2254 γε’νει
592 2204 660 2240 τῶν
695 2202 907 2255 ἀνθρώπων,
940 2206 978 2242 οὐ
1012 2204 1115 2255 μόνον

84 2271 171 2324 πρὸς
186 2270 250 2318 τὴν
269 2275 328 2309 τοῦ
350 2271 511 2323 σώματος
542 2271 631 2319 ζωὴν
661 2272 720 2310 καὶ
751 2271 1003 2325 συγκρότησιν,
1025 2273 1115 2311 ἀλλὰ

84 2340 143 2379 καὶ
162 2343 270 2386 αὐτῆς
296 2343 358 2387 τῆς
385 2340 592 2392 Θεογνωσίας
618 2340 681 2388 τὴν
709 2341 883 2380 ὑπόθεσιν.
906 2342 963 2380 Τά
990 2358 1026 2380 τε
1047 2343 1114 2395 γὰρ

85 2409 198 2456 κάλλη
213 2438 222 2456 ,
244 2409 302 2448 καὶ
326 2409 370 2447 τὰ
400 2409 530 2461 μεγέθη
548 2441 557 2458 ,
587 2409 646 2448 καὶ
675 2412 707 2448 οἱ
726 2410 849 2463 τρόποι
869 2415 938 2450 τῶν
964 2411 1173 2478 Οέσεωνηῃ

1136 247 1345 277 PSALMUM
1381 250 1406 278 λ
1415 249 1486 279 le
1497 269 1505 278 .

2063 258 2145 302 271

1195 327 1261 367 das
1280 331 1365 367 vitae
1386 330 1541 368 rationes
1555 344 1634 382 quae
1653 332 1759 369 vitari
1780 346 1850 370 non
1870 344 2027 386 possunt.
2046 339 2078 374 Τ
2084 353 2153 377 unc.

1195 389 1303 439 enim,
1327 399 1410 428 tunc
1421 390 1560 442 judicio
1579 400 1613 428 et
1631 393 1803 430 sententia
1822 407 1912 446 opus
1931 405 2002 432 est:
2023 406 2055 434 et
2076 398 2156 436 ideo

1195 464 1265 488 non
1283 451 1452 503 amplius,
1475 461 1515 489 ut
1533 452 1707 503 medicus,
1727 453 1788 492 sed
1809 464 1847 492 ut
1862 455 1977 507 judex
1996 468 2152 509 apparet.

1195 512 1325 550 Daniel
1345 513 1464 564 itaque
1483 523 1516 551 et
1534 514 1706 553 thronum
1725 516 1800 568 ejus
1820 516 1930 566 videt,
1949 527 1983 555 et
2001 519 2154 557 fluvium
2173 528 2250 557 Dan.
2279 537 2306 564 7.
2324 537 2355 566 9.

1194 572 1258 623 qui
1282 582 1362 611 ante
1382 574 1541 612 tribunal
1560 576 1726 625 trahitur,
1749 586 1782 615 et
1809 578 1929 616 omnia
1958 579 2014 617 illi
2042 580 2155 631 ignita
2174 577 2220 597 ¹⁰·

1194 633 1441 684 ostenduntur,
1463 650 1589 674 currus
1611 646 1643 674 et
1664 646 1759 675 rotae.
1781 639 1851 677 Sed
1870 654 1940 678 non
1965 640 2002 678 in
2021 642 2155 694 princi-

1192 694 1265 746 pi0,
1294 709 1358 733 nec
1390 696 1534 746 quando
1557 701 1594 736 in
1622 698 1738 750 primo
1765 700 1919 739 adventu
1952 703 2064 752 venit,
2086 704 2156 742 tale

1192 755 1282 805 quid
1315 757 1488 807 ostendit,
1521 772 1592 796 non
1622 759 1753 810 ignem,
1783 775 1853 798 non
1873 762 2049 813 fluvium,
2079 779 2149 803 non

1192 815 1332 866 aliquid
1356 818 1456 856 aliud
1484 820 1683 871 ejusmodi3
1705 821 1763 859 sed
1797 837 1964 876 praesepe‚
1993 825 2153 864 diverso-

1191 876 1300 926 rium,
1318 879 1516 930 tugurium,
1535 889 1569 918 et
1586 881 1727 934 inopem
1746 892 1907 922 matrem.
1924 885 2153 937 Quamquam

1191 938 1326 989 alioqui
1340 954 1385 977 ex
1398 940 1467 978 hoc
1483 942 1635 980 ostendit
1655 958 1736 981 eum
1750 959 1825 982 esse
1843 960 1863 982 a
1881 948 2107 986 conversione
2121 959 2155 987 et

1191 1000 1386 1038 mutatione
1401 1001 1569 1040 alienum.
1585 1004 1765 1051 Quoniam
1779 1006 1873 1044 enim
1889 1007 1984 1045 dixit
1996 1022 2077 1047 eum
2090 1011 2153 1062 qui
2168 1019 2249 1047 Dan.
2260 1030 2287 1059 7.
2301 1030 2331 1060 9.

1190 1060 1334 1099 sedebat
1343 1077 1450 1115 super
1463 1064 1647 1115 thronum,
1660 1066 1829 1105 hahuisse
1842 1069 2014 1121 capillum
2031 1072 2152 1110 candi-

1189 1122 1279 1160 dum
1294 1133 1334 1161 ut
1352 1123 1484 1174 lanam,
1503 1135 1538 1164 et
1558 1137 1691 1165 vestem
1718 1129 1810 1167 sicut
1830 1130 1950 1168 nivem
1968 1148 1975 1167 :
1996 1147 2040 1170 ne
2058 1134 2150 1186 pilos

1188 1192 1367 1222 vestemve
1382 1186 1616 1236 existimares,
1637 1187 1698 1226 sed
1717 1189 1943 1241 splendorem
1958 1207 1999 1230 ac
2014 1195 2151 1245 purita-

1188 1253 1272 1294 tem,
1306 1246 1426 1297 ignem
1454 1248 1587 1299 ubique
1615 1263 1688 1287 esse
1713 1250 1823 1288 dicit:
1856 1255 1961 1304 Ignis
1987 1256 2025 1292 in
2061 1270 2151 1294 con-

1188 1316 1319 1356 spectu
1351 1309 1431 1358 ejus
1463 1310 1701 1358 exardescet,
1732 1321 1769 1349 et
1800 1315 1841 1349 in
1876 1317 2040 1353 circuitu
2067 1319 2151 1367 ejus

1189 1374 1392 1417 tempestas
1407 1369 1562 1406 valida.
1578 1371 1632 1407 Ita
1650 1371 1758 1408 etiam
1776 1372 1835 1409 hic
1851 1373 1959 1411 simul
1978 1389 2058 1413 eum
2079 1391 2154 1415 esse

1188 1427 1379 1465 mutationi
1401 1438 1431 1466 et
1456 1430 1679 1468 conversioni
1698 1432 1846 1470 minime
1865 1434 2076 1484 obnoxium,
2098 1438 2152 1474 lu-

1188 1486 1380 1539 cidumque
1399 1498 1433 1526 et
1447 1489 1666 1529 inaccessum
1681 1493 1833 1531 ostendjt
1854 1509 1918 1546 per
1937 1496 2001 1534 has
2024 1498 2153 1535 simili-

1186 1547 1341 1586 tudines.
1362 1550 1394 1587 N
1400 1565 1489 1601 eque
1510 1565 1594 1589 vero
1614 1552 1708 1591 sistit
1739 1553 1783 1591 ad
1803 1554 1921 1606 ignem
1941 1571 2066 1608 usque,
2092 1558 2154 1597 sed

1186 1609 1310 1648 volens
1329 1611 1513 1650 ostendere
1532 1613 1793 1653 vehementiam
1807 1617 1988 1668 supplicii,
2002 1619 2150 1671 subjun—

1187 1670 1240 1722 git
1257 1671 1401 1711 djcens:
1437 1676 1654 1727 Tempestas
1677 1679 1830 1716 valida.
1856 1678 1921 1717 Est
1951 1690 2071 1719 autem
2090 1699 2153 1720 κα·

1187 1733 1313 1784 ταιγὶς,
1354 1734 1412 1773 vel
1440 1735 1674 1777 intolerabilis
1710 1753 1827 1778 massa
1860 1740 1971 1791 nivis,
2006 1757 2084 1793 quae
2115 1743 2151 1781 in

1192 1793 1348 1844 quodvis
1402 1796 1569 1836 inciderit
1620 1801 1795 1852 pertrahit
1831 1811 1864 1840 et
1902 1805 2052 1853 evertit,
2095 1806 2152 1844 vel

1188 1855 1378 1895 vehemens
1408 1868 1597 1897 ventorum
1624 1862 1792 1913 impetus,
1822 1864 1884 1914 qui
1913 1864 2072 1916 idipsum
2100 1867 2150 1903 ef-

1187 1915 1287 1965 ficit,
1326 1927 1360 1955 et
1387 1928 1436 1956 est
1474 1920 1518 1957 iis
1552 1936 1632 1971 quae
1664 1934 1855 1962 occurrunt
1894 1925 2145 1965 intolerabilis.

1190 1977 1325 2016 Volens
1357 1979 1469 2030 igitur
1501 1982 1684 2020 ostendere
1715 1984 1807 2022 illud
1827 1988 2046 2038 supplicium
2075 2003 2150 2027 esse

1189 2037 1424 2089 intolerabile,
1446 2041 1600 2080 adduxit
1630 2044 1695 2082 has
1716 2046 1980 2086 similitudines.
2002 2051 2038 2086 4.
2062 2053 2168 2103 Ad-x

1194 2102 1343 2138 vocabit
1374 2104 1512 2140 ccelum
1546 2105 1767 2153 desursum,
1796 2116 1831 2145 et
1865 2117 2028 2157 terram,
2065 2113 2148 2149 dis-

1189 2175 1345 2201 cernere
1365 2166 1551 2216 populum
1579 2180 1705 2207 suum.
1732 2170 1870 2208 Rursus
1890 2173 2050 2210 meminit
2082 2174 2149 2211 cle-

1188 2232 1410 2274 mentorum,
1448 2240 1512 2278 per
1545 2242 1624 2278 qua:
1663 2230 1756 2267 bona
1791 2231 2066 2271 innumerabilia
2103 2235 2150 2272 ad

1189 2298 1299 2336 genus
1320 2285 1509 2325 hominum
1532 2301 1778 2341 pervenerunt,
1800 2307 1869 2330 non
1892 2294 2008 2333 solum
2029 2296 2073 2333 ad
2095 2298 2149 2334 vi-

1188 2355 1262 2384 tam
1279 2356 1312 2384 et
1328 2349 1617 2388 constitutionem
1631 2353 1803 2405 corporis,
1818 2354 1877 2391 scd
1897 2356 2003 2393 etiam
2023 2356 2069 2394 ad
2084 2359 2151 2396 Dei

1190 2408 1437 2459 cognitionem.
1460 2411 1753 2452 pulchritudines
1781 2416 1888 2462 cniin,
1909 2426 1942 2454 et
1971 2419 2150 2469 magnitu-

86 2478 144 2517 καὶ
173 2481 208 2516 αἱ
233 2478 368 2525 οὐσίαι,
394 2478 428 2523 ἐξ
457 2473 504 2516 ὧν
523 2479 624 2516 ταυτὶ
653 2479 845 2526 συνέστηκε
864 2480 908 2518 τὰ
927 2488 1111 2534 (novem,
1137 2492 1163 2520 A
1188 2468 1313 2518 dines,
1345 2479 1378 2508 et
1414 2472 1568 2510 rationes
1597 2474 1745 2520 situum,
1776 2485 1809 2513 ct
1841 2478 2066 2523 substantiam
2106 2494 2150 2517 ex

86 2548 144 2586 καὶ
173 2549 216 2586 τὰ
240 2549 274 2593 ἐξ
309 2550 420 2587 αὐτῶν
455 2547 644 2600 γενόμενα,
679 2549 723 2586 τά
758 2565 796 2587 τε
830 2552 1024 2595 καθολικῶς
1058 2552 1114 2590 διὰ

86 2618 214 2662 παντὸς
241 2621 301 2656 τοῦ
320 2617 445 2671 χρόνου
460 2648 469 2665 ,
489 2618 534 2656 τά
556 2634 594 2656 τε
625 2620 744 2663 ἰδικῶς
771 2620 942 2665 πολλάκις
962 2622 1113 2673 συμῧαί-

86 2702 206 2733 νοντα,
238 2687 375 2726 ἅπαντα
407 2691 518 2725 ταῦτα
550 2688 609 2726 καὶ
640 2687 685 2726 τὰ
717 2688 866 2740 σώματα
894 2690 1033 2744 τρέφει,
1054 2690 1114 2729 καὶ

87 2761 282 2808 συγκροτεῖ,
303 2756 361 2794 καὶ
380 2757 464 2808 πρὸς
480 2756 543 2804 τὴν
568 2759 694 2809 γνῶσιν
721 2762 780 2796 τοῦ
806 2759 1016 2806 ποιήσαντος
1035 2777 1114 2814 χει-

89 2831 250 2877 ραγωγεῖ.
268 2826 330 2864 Διὸ
350 2825 408 2864 καὶ
428 2827 567 2871 Παῦλος
589 2827 705 2879 ἔλεγε·
728 2828 785 2866 Τὰ
800 2828 868 2881 γὰρ
893 2830 1025 2882 ἀόρατα
1050 2833 1114 2869 αὐ-

87 2900 146 2934 τοῦ
170 2897 239 2936 ἀπὸ
258 2897 402 2942 κτίσεως
429 2898 561 2948 κόσμου
580 2904 651 2942 τοῖς
670 2899 842 2950 ποιήμασι
866 2901 1035 2953 νοούμενα
1056 2919 1116 2940 κα-

89 2968 252 3017 Οορᾶται,
272 2967 294 3014 ἥ
311 2983 348 3005 τε
377 2967 484 3011 ἀΐδιος
505 2970 608 3006 αὐτοῦ
631 2969 775 3020 δύναμις
800 2971 858 3009 καὶ
876 2971 1022 3019 θειότης.
1045 2973 1113 3011 Καὶ

90 3035 212 3073 πάλιν·
233 3037 380 3085 Ἐπειδὴ
404 3038 472 3091 γὰρ
499 3040 534 3076 ἐν
554 3042 598 3090 τῇ
622 3040 726 3093 σοφίᾳ
746 3045 805 3080 τοῦ
825 3044 917 3080 Θεοῦ
938 3046 1000 3081 οὐκ
1026 3043 1114 3094 ἔγνω

89 3108 108 3143 ὃ
127 3106 253 3157 κόσμος
273 3107 328 3145 διὰ
345 3111 406 3154 τῆς
421 3109 541 3161 σοφίας
560 3109 616 3147 τὸν
635 3111 741 3155 (θεὸν,
769 3112 951 3160 τουτέστι,
974 3112 1031 3151 διὰ
1051 3116 1113 3160 τῆς

91 3173 211 3225 σοφίας
235 3177 296 3221 τῆς
315 3177 348 3212 ἐν
368 3183 437 3220 τοῖς
457 3177 626 3229 κτίσμασι
652 3180 880 3232 φαινομένης,
909 3185 955 3225 ὡς
983 3185 1020 3220 οὗ
1049 3200 1110 3235 μι-

93 3248 189 3292 κρᾶς,
206 3242 294 3280 ἀλλὰ
313 3244 370 3281 καὶ
391 3246 522 3298 σφόδρα
539 3247 706 3299 μεγίστης
721 3250 780 3288 καὶ
808 3253 1030 3304 σαρεστάτης
1058 3254 1112 3292 οὗ·

93 3326 155 3358 σης
176 3312 409 3357 διδασκαλίας.
438 3317 505 3354 Καὶ
532 3318 575 3355 τὰ
606 3322 682 3358 καθ’
713 3321 848 3373 ἡμέραν
869 3323 903 3360 δὲ
933 3327 976 3362 δι’
999 3328 1110 3365 αὐτῶν

1187 2531 1321 2582 quibus
1349 2542 1509 2571 constant
1542 2534 1615 2572 lune
1646 2536 1827 2582 elementa,
1851 2548 1883 2576 ct
1911 2554 1990 2590 quae
2022 2554 2066 2578 cx
2101 2541 2150 2578 eis

1188 2592 1293 2643 fiunt,
1327 2607 1368 2632 ac
1397 2609 1474 2646 quae
1505 2597 1715 2647 generaliter
1747 2599 1844 2637 omni
1882 2610 2059 2652 tempore,
2093 2602 2148 2639 vel

1188 2668 1280 2707 saepe
1314 2655 1500 2707 sigillatim
1530 2658 1716 2702 eveniunt,
1750 2659 1824 2697 haec
1852 2663 1971 2699 omnia
2001 2677 2148 2715 corpora

1189 2715 1291 2754 alunt
1323 2726 1355 2754 et
1390 2718 1629 2763 constituunt,
1659 2728 1691 2756 ct
1711 2720 1756 2757 ad
1791 2723 1943 2773 Opit'uis
1973 2725 2147 2774 cognitio-

1189 2788 1269 2813 nem
1299 2775 1492 2814 deducunt.
1527 2779 1571 2815 Et
1603 2778 1682 2816 idco
1711 2779 1804 2817 dixit
1835 2782 1968 2819 Paulus
1995 2799 2002 2818 ε

1189 2837 1320 2874 sibilia
1334 2839 1414 2889 ejus
1428 2853 1476 2875 m·
1490 2849 1667 2878 creatura
1688 2843 1822 2879 mundi
1837 2846 2012 2894 operibus
2032 2847 2145 2884 intel-

1190 2898 1291 2936 lecta
1308 2902 1607 2949 perspiciuntur,
1632 2912 1853 2954 tetvrnaquc·
1877 2906 1958 2953 rjus
1975 2917 2145 2956 potestas

1190 2972 1237 2996 ac
1271 2961 1470 2998 divinitas.
1499 2961 1542 2999 Et
1569 2977 1691 3000 rursus
1720 2979 1727 2999 τ

1186 3023 1335 3071 pientia
1352 3023 1424 3060 Dei
1445 3037 1522 3060 non
1543 3028 1718 3075 cognovit
1736 3028 1899 3064 mundus
1911 3043 1980 3078 per
1995 3034 2144 3081 sapien·
2162 3038 2210 3057 ²¹·

1190 3085 1284 3121 tiam
1307 3084 1448 3132 Deum,
1464 3084 1530 3123 hoc
1545 3094 1607 3126 est,
1625 3086 1918 3137 pc1·.=;q·icuti.·un.
1942 3104 2019 3140 qua·
2033 3093 2144 3129 cerni-

1191 3154 1249 3182 tur
1271 3145 1305 3183 iu
1325 3145 1508 3189 creaturis.
1538 3156 1572 3183 ut
1599 3162 1676 3197 qum
1703 3161 1768 3184 uon
1795 3147 1836 3184 sit
1868 3164 1990 3201 parva,
2011 3153 2068 3189 mi
2093 3155 2146 3191 w!

1190 3205 1346 3244 maxilua
1366 3215 1398 3244 vt
1419 3207 1612 3244 elza-issima
1629 3207 1799 3245 ‹locu-imi.
1835 3213 1872 3245 h·
1892 3227 1969 3261 qux
1989 3214 2148 3263 quotidin-

1189 3266 1419 3320 quid‹=111p‹·r
1451 3283 1530 3304 vum
1563 3271 1663 3309 liunt.
1687 3269 1822 3306 cummi
1852 3272 2037 3310 vult-,intur
2070 3277 2144 3314 Ιίιϊί

1191 3338 1323 3366 naturae
1353 3331 1609 3379 coust-qucutiu,
1644 3330 1715 3381 ipsa
1753 3341 1865 3370 mnu-n
1895 3335 1999 3373 etium
2030 3337 2142 3389 opiti-

140 3434 155 3458 ¹¹
180 3436 185 3476 Ι
208 3434 436 3478 Suppleiimus
458 3448 474 3469 c
500 3439 601 3474 smil.
621 3450 653 3475 ct
676 3443 772 3478 tion».
795 3455 991 3490 παρεγίνετο,
1009 3449 1099 3492 quod
1117 3449 1208 3484 deest
1228 3452 1260 3485 in
1277 3452 1371 3494 λος,
1391 3452 1501 3484 Mon—l.
1522 3462 1549 3482 vt
1574 3454 1705 3494 Moutt’y

2040 2787 2146 2822 Inri-
2163 2796 2249 2825 Rom.
2267 2805 2346 2826 120⁴

1759 2968 1857 3013 Quia
1885 2970 1984 3004 enim
2016 2971 2056 3005 in
2085 2984 2145 3008 sa-
2166 2994 2188 3012 .,
2209 2985 2281 3012 (ἱ-,η
2308 2995 2330 3012 ι.
