2274 3736
67 173 111 204 tv
971 167 1200 198 Pus-:Fauo
1210 187 1220 197 .

63 257 125 295 tali
144 256 284 307 officio,
313 254 352 295 in
373 254 598 310 principibus
611 251 754 293 duabus
769 250 928 291 Orientis
940 249 1113 289 Ecclesiis
1129 250 1273 288 functus
1288 257 1358 297 est,
1378 247 1469 286 hanc
1488 255 1622 286 tantam
1642 246 1898 299 supellectilem
1923 246 1960 284 iu
1985 247 2126 285 scriniis

63 317 266 370 reliquisse,
289 316 348 356 vel
371 316 496 356 amicis
514 315 631 354 solum
649 312 835 366 legendam
855 310 1023 351 dedisse?
1042 310 1329 364 Supellectilem,
1355 309 1521 362 inquam,
1542 317 1652 348 totam
1672 308 1718 346 ad
1738 308 1924 346 concion&
1942 316 2103 360 paratam
2116 338 2127 357 ,

65 387 104 417 ut
117 379 247 431 cuique.
258 378 389 430 legenti
409 377 528 431 palam
548 376 632 424 erit,
650 385 685 414 et
702 383 874 426 quantam
893 373 959 412 vix
978 372 1118 426 uspiam
1137 371 1278 420 videas,
1297 370 1343 410 ad
1363 385 1505 410 morum
1524 369 1753 423 disciplinam
1772 370 1934 423 apprime
1953 368 2128 421 composi-

68 450 142 480 tam
154 471 164 489 ,
178 440 320 492 qualem
337 439 400 479 vix
419 439 507 477 alibi
527 438 583 476 vel
596 436 693 490 apud
712 436 1008 489 Clu-ysostomum
1027 435 1144 487 ipsum
1164 432 1316 486 reperias
1327 447 1338 481 ;
1367 446 1515 484 qumque
1530 431 1559 470 si
1581 431 1716 484 integra
1736 430 1782 469 ad
1802 445 1863 469 nos
1889 430 2127 484 pervenisset,

68 502 134 540 vix
152 501 295 540 duobus
313 510 429 554 posset
448 499 710 540 voluminibus
726 495 996 550 comprehendi,
1017 505 1055 534 ut
1073 497 1149 548 jam
1167 493 1342 532 diximus.

116 562 174 602 Ad
200 562 362 615 exempla
387 575 472 600 vem
492 562 567 614 jam
595 558 847 613 procedamus,
874 572 954 610 quae
980 566 1073 595 certe
1100 554 1270 595 videntur
1298 554 1565 593 concionantem
1593 555 1739 593 omnino
1770 554 1909 592 resene.
1940 553 1980 592 In
2011 553 2129 605 quarti

65 623 199 663 Psalmi
218 623 473 676 Expositione,
491 637 525 674 p.
541 621 584 670 8,
600 623 647 670 A,
662 620 739 659 lucc
753 619 880 658 habet:
897 620 974 657 ἀλλ’
992 620 1055 657 οὐκ
1074 617 1176 668 ἴσμεν
1194 619 1257 664 τῆς
1273 619 1380 669 εὐχῆς
1399 616 1440 654 τὸ
1457 615 1578 668 κέρδος
1596 619 1644 659 ὡς
1656 616 1743 668 χρὴ,
1762 615 1883 662 ἐπειδὴ
1905 615 1995 666 μηδὲ
2016 630 2126 667 προσ-

65 685 193 737 έχομεν
215 687 302 737 αὐτῇ
325 683 414 735 μετὰ
431 682 631 735 οἱκριὸείας,
649 682 738 733 μηδὲ
766 680 935 734 χρώμεθα
956 680 1048 719 κατὰ
1068 678 1146 722 τοὺς
1171 682 1232 717 τοῦ
1252 681 1345 717 Θεοῦ
1364 677 1504 728 νόμους.
1528 676 1621 716 Ἀλλ’
1647 676 1841 726 ἀνθρώποις
1855 677 1918 727 μὲν
1940 677 2128 727 μέλλοντες

64 746 288 798 διιλέγεσθαί
307 761 381 784 τισι
407 747 478 783 τῶν
496 744 584 796 ὑπὲρ
600 747 713 795 ἡμᾶς,
732 743 791 782 καὶ
810 745 955 796 effigia,
982 742 1041 781 καὶ
1067 741 1244 793 βάδισμα,
1263 738 1323 778 καὶ
1352 739 1496 786 στολὴν,
1526 739 1585 776 καὶ
1608 738 1724 776 πάντα
1750 737 1980 790 ῥυθμίσοιντες
2008 740 2058 781 εἷς
2087 737 2129 776 τὸ

64 807 155 855 δέον,
173 807 264 846 οὕτω
282 806 512 858 διαλεγόμεθα
525 822 532 829 ·
543 808 626 858 Θεῷ
641 805 677 844 δὲ
693 804 895 857 προσιόντες
905 803 1128 858 χασμώμεθοι
1140 831 1149 848 ,
1163 801 1326 853 xviim-502
1338 831 1348 851 ‚
1365 800 1688 853 περιστρεφόμεῡα,
1713 803 1949 854 ρᾳθυμοῧμεν.
1966 801 2043 839 Hoc
2059 808 2130 838 est:

62 870 140 908 Sed
157 884 236 907 non
252 871 370 920 probe
389 871 530 907 scimus
553 868 749 918 quodnam
765 868 814 904 sit
838 866 986 904 lucrum
1006 867 1213 913 orationis,
1233 866 1326 916 quia
1347 878 1417 901 nec
1435 865 1470 902 ei
1489 863 1661 901 studiose
1680 864 1852 900 animum
1875 863 2127 910 adhibemus,

64 945 134 968 nec
151 944 198 968 ea
217 944 264 967 ex
285 930 361 967 Dei
375 930 521 981 legibus
540 931 699 966 utimur.
719 927 797 965 Sed
810 928 985 965 homines
1001 927 1157 979 quidem
1176 926 1330 978 aliquos
1351 925 1596 977 alloquuturi
1609 955 1616 970 ‚
1639 927 1707 975 qui
1720 933 1811 962 sunt
1828 926 1937 962 nobis
1956 927 2128 976 superio-

62 1004 142 1039 res,
165 993 231 1029 ubi
249 992 425 1028 habitum
440 1020 450 1038 ,
469 991 661 1027 incessum
676 1019 685 1036 ,
707 990 894 1026 amictum
915 996 953 1026 et
972 989 1104 1025 omnia
1123 988 1467 1039 composuerimus,
1488 988 1543 1024 ita
1564 995 1605 1023 ut
1628 994 1775 1037 oportet
1791 985 2056 1037 alloquimur.-
2078 986 2133 1022 ad

62 1053 185 1090 Deum
203 1061 331 1090 autem
347 1052 572 1090 accedentes
586 1052 783 1095 hiscimus,
801 1062 871 1086 nos
886 1049 1110 1099 scalpimus,
1130 1055 1248 1098 atque
1265 1048 1342 1084 huc
1358 1054 1393 1083 et
1411 1047 1507 1084 illuc
1522 1060 1725 1084 versamus
1737 1077 1746 1094 ,
1766 1047 2002 1099 negligentes
2020 1055 2057 1084 et
2073 1060 2131 1084 so-

62 1113 194 1151 cordes
214 1126 355 1151 sumus.
385 1111 430 1149 lit
448 1120 569 1149 caetera
589 1123 666 1160 quae
684 1109 819 1146 ibidem
839 1109 898 1146 ille
921 1107 1160 1161 prosequitur.
1182 1108 1309 1144 Annon
1327 1115 1457 1144 coetum
1477 1106 1691 1157 alloquentis
1719 1107 1794 1145 llaec
1819 1107 1928 1145 verba
1947 1107 2056 1159 sunt?
2085 1106 2133 1145 Et

62 1187 140 1226 pag.
163 1173 319 1224 sequenti
346 1172 421 1210 haec
440 1172 475 1209 in
503 1171 671 1209 concione
695 1179 729 1208 et
749 1170 783 1208 in
804 1169 929 1223 populi
950 1178 1042 1208 coetu
1061 1167 1135 1206 dici
1155 1167 1301 1206 omnino
1320 1166 1491 1205 videntur
1509 1183 1517 1204 ε
1545 1182 1565 1205 a
1597 1167 1736 1205 Graecis
1753 1167 1955 1207 adfer-endis
1973 1168 2132 1207 abstineo

62 1234 247 1273 brevitatis
265 1246 395 1272 causa:
417 1233 656 1271 Meditenmr
672 1245 741 1270 nos
760 1245 912 1283 quoque
931 1239 973 1269 ut
997 1231 1123 1268 Deum
1145 1229 1335 1280 supplices
1354 1229 1541 1267 adeamus
1563 1245 1573 1265 .·
1597 1229 1792 1268 diseamus
1807 1231 2002 1282 quomodo
2019 1245 2066 1268 ea
2083 1233 2133 1270 sit

59 1297 246 1345 facienda
260 1294 503 1346 supplicatio.
521 1292 611 1332 Non
628 1301 682 1331 est
697 1294 865 1331 eundum
882 1294 924 1330 in
941 1305 1135 1338 nzuseum,
1153 1305 1230 1329 non
1250 1299 1342 1328 sunt
1356 1292 1628 1329 consumendoe
1638 1295 1814 1343 pecunioe
1827 1322 1837 1340 ,
1856 1306 1926 1330 nec
1942 1300 2032 1330 sunt
2045 1306 2133 1330 con-

48 1343 232 1396 ‘ducendi
246 1356 468 1408 poedagogi‚
484 1355 656 1392 rhetores
673 1364 708 1392 et
727 1354 922 1406 sophistae,
942 1367 1065 1405 neque
1080 1354 1247 1391 multum
1271 1354 1454 1403 temporis
1474 1354 1779 1391 consumendum
1796 1362 1868 1401 est,
1888 1362 1931 1392 ut
1951 1355 2055 1392 hanc
2072 1355 2131 1393 di·

60 1419 173 1456 cendi
192 1426 312 1456 artem
332 1418 495 1463 ediscas,
511 1417 579 1454 sed
595 1416 721 1454 solum
741 1415 914 1454 voluisse
932 1415 1026 1468 5¹(ffi
1049 1417 1091 1462 it,
1111 1423 1145 1452 et
1165 1428 1228 1453 ars
1243 1416 1417 1468 perfecta
1434 1416 1572 1452 evasit.
1594 1416 1682 1453 Nee
1699 1429 1770 1466 pro
1789 1424 1824 1454 te
1847 1416 1971 1454 solum
1986 1419 2131 1468 poteris

61 1480 189 1518 dicere
210 1482 251 1517 in
267 1493 311 1516 eo
329 1478 489 1529 judicio,
513 1479 581 1515 sed
601 1480 722 1515 etiam
745 1491 815 1528 pro
839 1476 967 1514 multis
990 1477 1093 1514 aliis.
1115 1478 1166 1514 Et
1187 1478 1367 1527 quisnam
1392 1484 1447 1514 est
1474 1489 1623 1528 scopus,
1651 1477 1758 1527 quod
1780 1479 2003 1516 institutum
2034 1481 2131 1517 artis

63 1542 176 1593 hujus
187 1540 418 1592 judicialis?
439 1540 580 1578 Modus
597 1539 846 1590 precationis.
867 1538 1006 1576 Sobria
1025 1547 1165 1585 mente,
1188 1539 1320 1575 animo
1340 1539 1521 1584 contrito,
1555 1551 1640 1575 cum
1657 1539 1835 1589 sontibus
1861 1539 2127 1588 lacrymarum

62 1604 115 1639 ad
136 1616 223 1641 eum
240 1602 437 1647 accedere,
457 1601 558 1639 nihil
572 1602 678 1654 quod
693 1601 748 1638 ad
769 1602 872 1638 hane
891 1603 1018 1639 vitam
1035 1603 1228 1653 pertineat
1247 1599 1546 1652 petere,fiitura
1565 1602 1847 1651 concupiscere,
1859 1614 1930 1652 pro
1946 1603 2129 1653 spiritua·

62 1664 163 1703 libus
182 1665 415 1716 supplicare,
435 1664 600 1701 inimicis
619 1677 697 1699 non
711 1662 817 1700 male
826 1664 995 1714 precari,
1015 1670 1212 1713 acceptam
1230 1663 1417 1713 injuriam
1433 1664 1618 1699 memoria
1639 1676 1717 1699 non
1732 1670 1875 1710 tenere,
1898 1676 2032 1701 omnes
2043 1676 2131 1715 per·

63 1726 298 1764 turbationes
315 1740 362 1764 ex
381 1725 512 1764 animo
528 1723 734 1774 expellere.
757 1731 1013 1761 conterentem
1031 1726 1168 1761 corita
1186 1725 1295 1761 adire
1308 1741 1321 1768 ,·
1340 1725 1472 1760 animo
1486 1723 1664 1774 deprimi,
1688 1725 2029 1763 mansuetudinem
2046 1740 2129 1764 ma-

60 1801 178 1838 gnam
193 1801 381 1835 exercere,
404 1795 440 1826 et
460 1787 632 1839 linguam
658 1787 712 1823 ad
731 1787 828 1822 hene
848 1785 1085 1836 loquendum
1105 1794 1341 1832 convertere,
1372 1787 1413 1822 in
1434 1784 1546 1823 nullo
1571 1798 1695 1836 pravo
1711 1799 1825 1836 opere
1844 1789 2012 1833 versari,
2029 1787 2132 1825 nihil

62 1850 204 1887 habere
218 1863 417 1888 commune
437 1862 522 1888 cum
543 1849 737 1886 communi
749 1848 851 1884 orbis
872 1854 1059 1884 terrarum
1074 1847 1197 1897 hoste,
1215 1861 1300 1886 cum
1319 1847 1491 1895 diabolo,
1515 1850 1676 1899 inquam
1688 1863 1704 1896 ,-
1719 1856 1752 1885 et
1771 1857 1894 1888 caetera
1914 1862 1992 1899 qua:
2017 1847 2130 1901 pluri·

62 1911 129 1950 bus
145 1912 206 1950 ille
224 1911 460 1966 prosequitur.

115 1973 383 2027 Expositionem
405 1972 538 2012 veroin
560 1971 742 2010 Psalmum
757 1972 951 2025 septimum
969 1972 1018 2010 ita
1038 1970 1196 2021 orditur,
1212 1980 1251 2008 ut
1269 1970 1497 2009 manifestum
1513 1971 1577 2021 sit,
1594 1970 1628 2009 ni
1647 1971 1769 2021 fallor,
1787 1971 1908 2024 ipsum
1921 1970 2129 2010 auditorum

61 2035 165 2073 ecetui
178 2035 286 2073 verba
300 2034 422 2072 facere.
447 2035 645 2085 Oportet-et
663 2034 830 2085 quidem,
847 2033 984 2084 inquit,
1003 2033 1290 2085 Seriptttrarum
1311 2042 1348 2072 et
1367 2034 1618 2071 historiarum
1634 2034 1732 2071 adeo
1747 2041 1973 2071 accuratam
1989 2034 2133 2071 habere

61 2098 331 2147 cognitionem,
345 2104 386 2133 ut
405 2096 575 2146 longiore
589 2094 643 2131 ad
657 2107 788 2132 earum
800 2095 1014 2132 doctrinam
1031 2097 1208 2131 oratione
1220 2107 1295 2131 non
1310 2107 1528 2146 egeremus;
1545 2094 1812 2145 sedquoniam
1831 2095 1904 2131 alii
1918 2095 2075 2146 quidem
2088 2097 2129 2132 in

62 2160 174 2195 rebus
196 2157 447 2195 stecularihus
465 2158 661 2207 occupati,
683 2155 753 2192 alii
774 2169 863 2192 vero
882 2158 1025 2206 seipsos
1045 2155 1229 2192 soeordioe
1249 2154 1432 2191 dedentes
1449 2184 1457 2198 ,
1480 2167 1526 2192 ea
1552 2167 1629 2191 non
1650 2155 1857 2192 audierunt
1872 2184 1881 2202 ,
1905 2169 2056 2194 necesse
2071 2164 2129 2194 est

58 2219 180 2269 paulo
194 2219 360 2270 longiori
372 2220 429 2255 uti
444 2220 620 2256 oratione
634 2247 643 2264 ,
660 2218 729 2255 sed
737 2218 926 2255 attendite
940 2217 1160 2269 diligenter.
1170 2246 1194 2254 ..
1212 2215 1289 2254 Sed
1302 2217 1358 2253 sic
1368 2217 1485 2253 etiam
1501 2217 1664 2252 obscura
1681 2224 1790 2262 sunt,
1804 2230 1890 2267 quie
1902 2216 2007 2254 dicta
2021 2224 2127 2264 sunt,

62 2281 169 2330 quod
185 2293 258 2318 vos
283 2281 484 2317 historiam
504 2281 702 2331 ignoretis.
723 2279 799 2317 Sed
818 2284 1003 2329 quoniam
1025 2293 1102 2315 non
1120 2285 1266 2328 oportet
1287 2277 1411 2314 solum
1431 2277 1710 2327 reprehendere
1725 2309 1732 2322 ,
1751 2278 1822 2315 sed
1832 2279 1989 2326 docere,
2004 2292 2132 2329 operoe

59 2342 223 2390 pretium
240 2349 295 2378 est
314 2343 579 2377 narrationem
597 2340 768 2392 aggredi.
785 2339 852 2377 Hic
867 2349 959 2378 certe
974 2340 1253 2392 Clu‘ysostomus
1265 2347 1395 2376 coetum
1409 2338 1615 2391 quempiam
1628 2339 1824 2390 alloquitur
1837 2353 1878 2377 ac
1892 2339 2129 2391 reprehendit.

117 2402 295 2455 Populum
315 2401 397 2440 item
416 2401 612 2452 alloquitur
630 2401 677 2439 ad
696 2401 880 2439 Psalmum
915 2402 986 2451 45,
1006 2416 1040 2454 p.
1063 2401 1155 2450 tto,
1190 2400 1247 2438 his
1267 2400 1410 2438 verbis:
1434 2401 1584 2438 Audite
1614 2410 1802 2453 quotquot
1825 2402 1914 2439 estis
1946 2402 2050 2439 tardi
2078 2404 2132 2440 ad

62 2464 367 2513 eleemosynam.
393 2465 542 2502 Audite
559 2465 627 2513 qui
650 2465 762 2501 vobis
782 2463 940 2501 divitias
966 2464 1157 2500 servando
1174 2463 1405 2500 diminuitis.
1435 2462 1586 2500 Audite
1606 2465 1674 2514 qui
1692 2463 1817 2500 nihilo
1835 2463 1971 2501 melius
1989 2463 2131 2517 affecti

62 2529 151 2564 estis
164 2540 283 2577 quam
298 2528 469 2578 quisunt
486 2527 525 2561 in
542 2526 703 2562 somniis
724 2525 874 2562 divites.
898 2525 992 2575 Qua?
1002 2533 1089 2561 sunt
1105 2527 1207 2562 enim
1221 2525 1448 2575 proesentia,
1467 2531 1558 2561 sunt
1577 2526 1728 2562 somnio
1745 2524 1869 2561 nihilo
1886 2525 2048 2562 meliora
2063 2542 2078 2571 ;
2098 2533 2130 2562 et

63 2586 245 2638 aliquibus
258 2585 472 2639 interpositis
487 2601 494 2622 τ
513 2586 722 2637 Quousque
739 2599 811 2623 vos
831 2587 931 2637 ipsos
953 2586 1134 2624 seducitis
1147 2589 1164 2622 Ρ
1179 2599 1380 2638 qmnisque
1399 2598 1524 2623 rerum
1540 2588 1743 2623 veritatem
1767 2599 1845 2623 non
1866 2588 2023 2637 cernitis
2036 2617 2045 2635 ‚
2063 2589 2136 2625 sed

64 2651 222 2687 somniis
237 2650 398 2686 inhiatis
407 2666 423 2695 ;
444 2661 530 2686 cum
547 2660 663 2699 prope
682 2655 717 2685 et
737 2650 779 2684 in.
793 2648 950 2698 sorihus
969 2649 1017 2684 sit
1033 2648 1226 2698 judicium
1242 2651 1259 2682 Ρ

120 2710 239 2758 Longe
269 2709 400 2747 clarius
430 2708 603 2761 populum
634 2707 831 2759 alloquitur
862 2722 943 2746 cum
977 2707 1107 2746 Psalmi
1140 2707 1404 2760 quadragesimi
1438 2708 1554 2760 quarti
1589 2708 1873 2761 Explicationem
1906 2709 2046 2748 orditur
2064 2709 2131 2749 lioc

65 2781 188 2824 pacto:
209 2772 355 2808 Vellem
371 2785 473 2809 nune
499 2771 634 2808 adesse
646 2784 775 2807 omnes
787 2770 947 2808 Jmtaeos
967 2778 1001 2808 et
1017 2771 1197 2821 gentiles,
1221 2779 1256 2808 et
1274 2772 1347 2809 hoe
1362 2770 1461 2807 libro
1477 2783 1500 2807 a
1512 2771 1663 2808 Judaeis
1679 2779 1836 2822 accepto
1854 2772 2056 2809 I’saltnum
2073 2773 2131 2810 ita

65 2833 209 2885 legere.
234 2834 368 2883 Neque
384 2834 485 2869 enim
502 2833 710 2883 ignoratis,
733 2839 767 2868 et
787 2833 827 2867 in
842 2831 1000 2882 judiciis
1019 2839 1053 2869 et
1076 2835 1217 2885 ubique
1245 2841 1337 2870 tune
1360 2835 1530 2871 maxime
1553 2846 1577 2870 a
1597 2835 1815 2884 suspicione
1840 2842 2026 2871 remotum
2052 2847 2133 2872 esse

66 2910 193 2933 rerum
215 2896 478 2933 testimonium
496 2924 505 2940 ‚
536 2893 695 2944 quando
719 2894 907 2946 idsertur
929 2895 977 2931 ab
998 2895 1179 2932 inimicis.
1207 2896 1256 2933 Ut
1278 2895 1351 2932 hoc
1367 2909 1452 2947 ergo
1468 2894 1583 2932 hodie
1599 2908 1752 2945 quoque
1767 2895 2131 2934 es·‹·niat.1·shit›ca-

65 2971 148 2995 mus
167 2959 422 2996 testimonium
445 2971 492 2993 ei·
510 2958 637 2993 Veteri
660 2957 916 3002 Testamenta,
943 2965 983 2994 ut
1007 2965 1042 2993 et
1064 2956 1196 2994 Juda’i
1217 2965 1251 2993 et
1274 2957 1438 3009 gentiles
1453 2957 1602 3007 pudore
1619 2957 1873 3009 ‘ffsficl'a'lfflU
1897 2957 2031 2994 Judoei
2048 2961 2131 3009 qui-

65 3020 148 3057 dem
171 3021 338 3070 legentes
358 3027 392 3056 et
412 3033 487 3056 non
505 3019 787 3070 intelligentes:
809 3017 972 3069 gentiles
989 3032 1081 3055 vero
1102 3019 1280 3056 rvide-ntes
1297 3019 1415 3056 libros
1432 3020 1540 3055 nobis
1560 3018 1697 3071 efferri
1717 3020 1767 3055 ab
1795 3019 1977 3056 inimicis.
1995 3019 2133 3071 Neque

64 3085 165 3119 enim
177 3090 356 3133 poterunt
373 3095 418 3119 ea
437 3095 461 3118 a
483 3083 590 3118 nohis
613 3095 693 3118 esse
712 3082 878 3131 conficta
896 3080 1043 3126 dicere,
1061 3094 1146 3117 cum
1165 3094 1242 3116 non
1259 3093 1344 3124 uos,
1361 3080 1429 3117 sed
1451 3082 1522 3132 qui
1542 3080 1739 3117 Christum
1763 3081 2038 3131 crucifixerunt
2054 3110 2063 3125 ,
2085 3080 2130 3117 li—

68 3147 152 3181 hros
177 3145 286 3181 nohis
300 3146 496 3194 prtebeant
511 3173 519 3188 ‚
548 3145 616 3194 qui
643 3143 690 3179 de
715 3144 797 3196 ejus
811 3150 1002 3195 potestate
1023 3142 1247 3194 loquuntur.
1275 3141 1351 3178 Sed
1378 3142 1458 3178 sive
1488 3141 1633 3178 adsunt
1648 3169 1657 3185 ,
1679 3142 1760 3177 sis-e
1781 3154 1856 3177 non
1871 3170 1879 3186 ‚
1902 3154 1970 3178 nos
2001 3150 2132 3179 nostro

66 3206 450 3258 officio-fungamur,
478 3212 513 3242 et
530 3204 805 3256 aggrediamur
819 3205 1187 3254 interpretatiotwm.
1209 3202 1300 3249 Quis
1321 3216 1447 3253 negare
1467 3201 1576 3254 possit
1598 3201 1655 3239 hic
1677 3201 1710 3239 iu
1733 3210 1822 3238 caetu
1843 3202 2011 3254 quopiam
2034 3201 2131 3254 loqui

69 3267 363 3318 (Ilirysostomum
374 3265 392 3302 3¹

120 3327 196 3365 Non
218 3327 336 3364 minus
354 3325 491 3376 liquido
524 3326 688 3376 arguitur
717 3326 833 3379 ipsum
856 3326 959 3364 coetui
982 3326 1087 3364 vcrlm
1110 3327 1221 3364 siu-erc
1241 3341 1282 3363 ex
1303 3327 1354 3363 eis
1373 3340 1450 3378 qua·
1473 3326 1602 3377 prosi-rt
1627 3324 1660 3362 in
1697 3323 1879 3361 l‘salnium
1902 3323 2132 3374 quadragesi-

72 3403 166 3425 mum
189 3403 337 3427 nonum.
360 3402 391 3438 p.
416 3389 511 3424 228:
535 3389 828 3426 Jmticabnnmr
847 3397 976 3427 autem
995 3389 1145 3429 Juatrm'.
1169 3397 1203 3427 et
1225 3392 1293 3439 qni
1315 3398 1406 3427 tunc
1429 3398 1538 3425 eram
1555 3417 1562 3429 ,
1587 3395 1622 3425 et
1645 3389 1710 3436 qui
1730 3395 1862 3437 postea
1887 3389 1924 3423 in
1943 3388 2052 3425 Novo
2072 3388 2136 3424 Τι’-
