2430 3721
306 157 402 206 686
1252 164 1427 196 spuma.

310 272 391 298 rum
417 255 577 304 deliciae;
595 257 675 308 ejus
702 253 863 300 labores,
890 251 1044 289 aliorum
1074 247 1261 296 thesauri;

309 312 388 364 ejus
416 323 531 354 curae,
558 308 712 347 aliorum
743 305 972 356 voluptates;
997 301 1074 361 ejus
1105 299 1263 339 adversae

1337 248 1399 286 καὶ
1424 246 1540 285 ἄλλων
1557 247 1594 285 αἱ
1613 248 1794 298 θεραπεῖαι
1807 260 1816 270 ·
1836 246 1942 285 αὐτοῦ
1960 247 1997 285 αἱ
2023 246 2180 300 ἁρπαγαὶ
2193 275 2204 294 ,
2227 246 2287 286 καὶ
2307 246 2363 286 ἅλ-

1336 301 1408 339 λων
1436 301 1472 338 αἱ
1498 298 1645 345 ἡδοναί·
1671 301 1756 351 παρ’
1783 300 1879 351 αὐτῷ
1906 302 1926 338 6
1949 314 2078 352 στεναγ
2107 300 2118 312 “
2154 330 2166 348 ,
2190 300 2251 339 καὶ
2277 301 2362 352 παρ’

311 378 382 411 res,
399 363 552 401 aliorum
578 358 740 399 secunda:
754 374 763 403 ;
779 359 857 415 ejus
879 364 1150 401 exsecrationes,
1171 353 1261 392 alio·
1277 377 1325 402 ⁶⁶7
1339 353 1468 405 ἑτέροις
1501 354 1533 391 οἱ
1563 352 1780 403 πλεονασμοί
1794 368 1802 376 ·
1829 354 1914 405 παρ’
1945 354 2041 405 αὐτῷ
2062 368 2081 391 τ
2125 353 2191 392 &ix
2271 380 2283 398 ,
2306 352 2366 391 καὶ

313 483 390 528 ejus
409 468 574 520 gemitus,
593 464 747 504 aliorum
767 475 886 500 rerum
903 474 1062 500 omnium
1080 459 1265 499 abundan-

314 532 386 568 tta;
407 523 484 573 ejus
517 519 590 556 laer
616 530 701 563 mre,
732 513 830 568 apud
859 514 949 553 alios
978 513 1164 567 pecunia:;
1193 513 1268 565 ipse

313 574 468 624 denique
487 571 522 609 in
542 533 664 609 iuli-'ris
680 567 860 621 supplicio
879 568 1048 614 allicitur,
1065 566 1127 604 alii
1146 574 1268 604 contra

313 626 416 665 bonis
437 625 515 677 ejus
539 638 621 662 cum
651 631 756 661 cantu
788 620 1035 674 perfruuntur.
1065 619 1270 658 Verumta-

315 679 562 732 mensrustra
577 676 832 714 conturbatur
848 675 972 712 omnis
987 674 1102 711 homo
1115 676 1268 711 vivens.

315 733 445 777 nomo,
463 729 544 769 vua:
565 743 670 767 usura
689 741 768 778 quae
792 726 838 765 ad
855 735 995 778 tempus
1011 724 1132 770 durat,
1149 723 1273 763 mortis

313 783 491 828 debitum,
518 781 616 834 quod
644 779 781 819 differri
817 779 953 829 nequit,
984 777 1198 816 indomitum
1227 791 1271 815 ex

316 837 496 897 proposito
509 834 655 881 animl,
674 831 882 886 improbitas
896 845 974 883 quae
986 845 1049 884 per
1059 845 1095 869 se
1108 829 1271 877 docetur,

315 890 454 929 insidia!
472 903 550 940 quae
567 896 693 942 sponte
722 900 786 924 sua
811 884 999 931 docentur,
1021 882 1057 922 id
1081 882 1179 935 quod
1197 891 1273 921 arte

317 943 531 981 instructum
546 951 596 980 est
611 940 655 979 ad
677 937 908 984 maleficium,
921 935 1019 988 quod
1038 935 1084 975 ad
1101 935 1271 988 injuriam

316 995 492 1034 industria
512 994 700 1047 pra-ditum
720 1001 786 1035 est,
805 990 850 1029 ad
877 989 1064 1028 avaritiam
1092 998 1270 1042 paratum,

314 1047 360 1087 ad
374 1048 615 1100 expletionem
634 1044 848 1091 insatiabile,
862 1051 983 1081 natum
1003 1041 1049 1081 ad
1067 1040 1270 1095 perfidiam,

317 1101 461 1139 inflatus
475 1100 638 1153 spiritus,
655 1097 802 1137 audacia
818 1096 1039 1142 ostentatrix,
1053 1095 1179 1133 ferocia
1194 1108 1272 1146 quae

318 1154 421 1192 facite
439 1153 582 1193 sedatur
594 1183 604 1199 ‚
615 1152 721 1191 elatio
736 1165 814 1202 quae
834 1163 943 1202 parvo
959 1148 1099 1201 negotio
1117 1147 1272 1195 deletur,

316 1207 463 1246 audacia
481 1220 559 1258 qua:
587 1205 690 1244 facile
716 1203 856 1256 capitur
876 1217 884 1239 ι
902 1216 1043 1240 coenum
1061 1201 1273 1253 arrogantia:

318 1259 479 1312 plenum,
512 1258 602 1297 cinis
631 1257 836 1303 seditiosus,
865 1255 988 1307 pulvis
1015 1253 1106 1292 elato
1137 1253 1271 1300 animo,

317 1313 409 1350 cinis
446 1313 604 1359 inflatus,
639 1309 794 1349 scintilla
827 1323 907 1360 quae
942 1307 1043 1345 facile
1075 1307 1272 1358 exstingui-

320 1375 380 1404 tur
411 1382 418 1403 :
448 1365 590 1403 flamma
623 1378 701 1415 quae
736 1361 840 1401 facile
877 1359 1060 1399 marcescit
1081 1390 1091 1408 ,
1130 1359 1274 1397 lucerna

323 1418 500 1456 instabilis
522 1447 532 1464 ‚
576 1417 714 1468 lignum
754 1416 859 1466 cujus
898 1413 1061 1451 interitus
1104 1411 1276 1464 proclivis

320 1480 373 1510 cst
389 1501 399 1515 ,
430 1472 562 1510 l'oenum
595 1468 692 1521 quod
723 1467 888 1514 exaruit,
921 1465 1030 1504 herba
1060 1479 1139 1516 quae
1172 1464 1275 1503 facile

322 1523 487 1570 moritur,
508 1532 631 1561 natura
646 1536 724 1574 qua:
743 1521 812 1558 cito
828 1519 1070 1564 consumitur;
1088 1517 1150 1569 qui
1170 1517 1276 1555 bodie

322 1577 492 1619 minatur,
513 1585 545 1614 et
565 1590 642 1614 cras
661 1572 799 1613 excedit
817 1587 836 1611 e
854 1572 949 1620 x·ita;
970 1571 1032 1623 qui
1053 1570 1160 1609 bodie
1180 1570 1273 1608 divi-

321 1630 381 1668 tiis
411 1628 584 1674 abundat,
615 1642 693 1666 eras
718 1626 882 1678 sepulcro
911 1625 1065 1676 tegitur3
1086 1623 1147 1675 qui
1171 1622 1278 1661 hodie

319 1682 519 1720 diademate
552 1689 699 1719 ornatur
713 1709 722 1726 ,
757 1687 791 1717 et
827 1692 905 1717 cras
940 1676 1148 1715 inhumatur
1173 1692 1181 1721 ;
1214 1675 1276 1727 qui

321 1735 429 1774 bodie
443 1748 602 1788 purpura
622 1733 790 1785 fulget‚et
809 1745 886 1770 cras
904 1730 1052 1769 effertur
1065 1745 1074 1777 ;
1089 1729 1152 1782 qui
1172 1729 1278 1767 hodie

322 1789 356 1826 in
391 1788 567 1826 thesauris
607 1795 770 1824 versatur
802 1814 812 1831 ,
852 1793 887 1823 et
923 1797 1001 1822 cras
1043 1782 1079 1821 in
1120 1782 1235 1820 bustis
1267 1797 1277 1828 3

320 1841 382 1892 qui
404 1841 511 1879 bodie
525 1854 607 1878 cum
626 1837 916 1884 assentatoribus,
936 1850 1014 1875 cras
1037 1850 1119 1874 cum
1139 1834 1279 1874 vermi-

321 1894 390 1932 bus
407 1909 416 1942 3
438 1895 500 1945 qui
520 1892 626 1932 bodie
641 1900 708 1937 est,
725 1900 759 1930 et
777 1905 854 1929 cras
870 1889 994 1928 nullus
1009 1897 1083 1938 est;
1101 1887 1165 1942 qui
1185 1901 1279 1926 nunc
1317 1907 1324 1915 ·

323 1948 510 1998 magnifice
537 1961 574 1985 se
591 1947 707 1992 essert,
728 1953 761 1982 et
781 1943 890 1997 paulo
919 1951 996 1996 post
1025 1941 1170 1994 lugetur
1188 1956 1196 1986 ;
1216 1941 1277 1990 qui

323 2000 358 2038 in
378 2000 544 2039 secundis
572 1999 679 2037 rebus
698 1996 841 2035 tolerari
870 2010 938 2034 non
961 2003 1086 2048 potest,
1105 2003 1138 2032 et
1157 1993 1192 2032 in
1211 1993 1277 2032 ad-

324 2053 435 2090 versis
454 2053 553 2091 nulla
580 2050 818 2091 consolatione
845 2048 957 2087 levari
989 2057 1102 2101 potest
1120 2063 1130 2094 ;
1150 2047 1214 2100 qui
1242 2061 1280 2086 sc

325 2106 401 2157 ipse
420 2105 572 2155 ignorat,
584 2113 617 2142 et
636 2118 714 2154 quae
732 2103 849 2155 ipsum
867 2110 1050 2154 superant,
1066 2101 1206 2139 curiose
1225 2099 1279 2137 in-

324 2158 434 2208 quirit
453 2173 463 2203 ;
484 2159 546 2208 qui
569 2157 603 2194 id
624 2155 720 2207 quod
741 2154 840 2192 adest
859 2164 891 2192 et
911 2167 1063 2206 praesens
1081 2162 1133 2192 est
1152 2153 1276 2198 nescit,

325 2218 359 2248 et
378 2210 423 2248 de
441 2210 545 2248 rebus
564 2209 694 2247 suturis
712 2208 863 2265 rogitat,
883 2207 945 2257 qui
965 2215 1088 2243 natura
1107 2220 1169 2243 sua
1190 2219 1280 2243 mor·

327 2263 407 2301 talis
426 2271 491 2307 est,
508 2272 540 2300 et
557 2260 665 2298 animi
686 2260 851 2304 elatione,
868 2268 905 2297 ut
922 2259 989 2296 sibi
1008 2258 1164 2302 videtur,
1180 2267 1280 2295 :eter-

328 2329 394 2354 nus
409 2324 459 2353 est
477 2330 487 2362 ;
506 2315 666 2353 omnium
687 2312 892 2350 morborum
915 2310 1092 2363 proposita
1113 2310 1279 2356 accessio,

326 2368 536 2407 facillimum
573 2365 690 2405 omnis
716 2363 991 2418 perturbationis
1025 2362 1250 2400 domicilium
1270 2390 1279 2408 ,

328 2420 576 2472 quotidianum
596 2428 629 2457 et
648 2431 834 2456 commune
853 2416 1004 2455 febrium
1023 2414 1247 2467 gymnasium
1269 2429 1278 2450 t

327 2474 444 2512 omnis
474 2472 629 2524 denique
661 2470 796 2509 doloris
831 2478 990 2523 paratum
1023 2467 1277 2506 diversorium.

327 2530 467 2576 Quanta
485 2535 611 2564 nostra:
627 2523 834 2575 abjectionis
848 2520 1018 2573 tragoedia
1029 2518 1038 2559 Σ
1050 2530 1203 2572 quantus
1218 2534 1280 2558 no·

328 2589 407 2618 strae
420 2579 569 2618 vilitatis
582 2576 786 2630 triumphus
798 2575 806 2614 l
817 2584 902 2627 quot
915 2583 1116 2626 quantaque
1130 2573 1278 2625 protuli,

311 431 393 456 rum
409 414 580 455 clientela·
595 430 605 464 ;
620 413 696 462 ejus
713 409 1025 467 rapinoe‚aliorum
1043 406 1262 460 voluptates3
1291 415 1316 445 Α
1339 408 1422 459 παρ’
1451 404 1579 458 ἑτέροις
1603 406 1647 444 τὰ
1663 405 1833 457 χρήματα
1848 421 1856 430 ·
1877 405 1978 448 αὐτὸς
2002 407 2038 444 ὲν
2064 405 2131 458 ᾅδῃ
2156 421 2197 444 κο
2220 405 2339 451 ἅζεται
2354 434 2365 453 ,

1337 459 1397 498 καὶ
1417 459 1516 498 ἄλλοι
1538 460 1644 497 πάλιν
1665 460 1700 496 ἐν
1725 464 1796 501 τοῖς
1823 459 1928 497 αὑτοῦ
1948 459 2141 512 ἐντρυᾳῗισι
2159 459 2364 511 ψάλλοντες.

1339 512 1441 559 Πλὴν
1467 513 1584 563 μα’την
1602 511 1818 563 ταράσσεται
1837 517 1906 556 πᾶς
1924 511 2105 564 ἄνθρωπος
2120 514 2199 556 ζῶν.
2215 511 2367 564 Ἄνθρω-

1339 581 1422 611 πος,
1442 565 1482 604 τὸ
1499 568 1562 612 τῆς
1578 568 1667 612 ζωῆς
1687 581 1715 603 π
1748 565 1756 575 ’
1804 579 1900 616 αιρον
1916 564 2108 616 δάνεισμα,
2125 565 2166 604 τὸ
2180 567 2241 603 τοῦ
2256 563 2364 603 θανά-

1339 634 1401 657 του
1425 619 1656 671 ἀνυπὲρθετον
1675 619 1718 684 ὄῖ
1742 633 1819 669 ημα
1832 647 1842 665 ,
1861 618 1901 656 τὸ
1920 619 1960 657 ἐκ
1975 617 2211 671 προαιρίσεως
2229 616 2368 668 ἀδάμα-
2429 642 2430 645 =

1341 687 1422 710 στον
1443 673 1542 719 ζῶον,
1561 672 1601 711 τὸ
1614 672 1860 711 αὐτοδίδακτον
1875 671 2101 723 πονήρευμα,
2117 685 2157 709 το
2175 670 2368 721 αὖτομαθὶς
2428 677 2430 690 ¹

1341 725 1582 776 ἐπιόούλευμα
1595 755 1604 772 ,
1624 725 1664 764 τὸ
1683 724 1844 776 εὖτεγνον
1874 726 1921 768 εἰς
1947 723 2173 776 κακουργίαν,
2189 723 2230 762 τὸ
2252 722 2368 774 εὐμή-

1341 793 1448 830 χανον
1472 780 1520 822 εἷς
1539 778 1690 823 ἀδικίαν,
1710 778 1750 816 τὸ
1768 770 1907 828 ἕτοιμον
1924 779 1973 822 εἶς
1998 776 2212 823 πλεονεξίαν,
2228 776 2269 816 τὸ
2285 775 2370 815 ἀκό·

1344 846 1465 882 ρεστον
1497 833 1546 875 εἷς
1580 830 1792 878 ἀπληστίαν,
1823 830 1863 869 τὸ
1893 830 2013 884 εὐφυὲς
2041 832 2089 875 εἷς
2117 828 2300 879 ἀπιστίαν,
2328 829 2371 869 τὸ

1343 883 1534 935 ὑπέρογκον
1569 888 1709 936 πνεῦμα
1723 914 1733 931 ,
1768 883 1808 922 τὸ
1841 885 2109 937 μεγαλοῤῥῆμον
2143 882 2268 936 θράσος
2282 911 2294 930 ,
2329 882 2371 922 τὸ

1344 937 1544 976 εὐδιάλυτον
1561 936 1729 989 φρύαγμα
1740 966 1750 981 ‚
1769 937 1808 975 τὸ
1827 938 2070 990 εὖκαθαίρετον
2086 936 2216 990 ὕψωμα
2227 965 2238 982 ,
2255 935 2296 975 τὸ
2311 937 2371 975 εὐ-

1343 989 1477 1028 άλωτον
1506 990 1699 1042 τόλμημα,
1727 993 1746 1028 6
1774 990 1886 1037 πηλὸς
1910 993 1929 1029 6
1956 991 2131 1036 αὐθάδης,
2160 992 2183 1036 ἠ
2209 988 2321 1042 τέφρα
2345 990 2369 1036 ἡ

1343 1042 1561 1090 στασιώδης,
1590 1046 1612 1089 ἡ
1643 1043 1736 1086 κόνις
1754 1045 1777 1089 ἡ
1798 1043 2048 1096 μεγαλόφρων,
2067 1046 2090 1090 ἡ
2116 1043 2244 1087 σποδὸς
2263 1045 2285 1088 ἡ
2303 1057 2371 1080 πε-

1343 1097 1546 1148 φυσιωμὲνη
1562 1125 1571 1143 ,
1592 1098 1611 1134 6
1641 1095 1791 1148 σπινθὴρ
1819 1098 1838 1134 6
1866 1095 2164 1144 εὐκατάσὸεστος,
2183 1099 2207 1143 ἡ
2234 1095 2320 1149 φλὸξ
2347 1097 2371 1142 ἡ

1343 1149 1578 1201 εὖμαὶραντος,
1609 1151 1627 1188 6
1653 1149 1851 1200 εὖρίπιστος
1877 1150 2024 1201 λύχνος,
2050 1149 2090 1187 τὸ
2122 1148 2371 1202 ἐτοιμοφθόρον

1345 1201 1457 1250 ξύλον,
1477 1207 1495 1242 6
1514 1202 1720 1255 εὗξῆραντος
1747 1201 1870 1255 χόρτος
1887 1231 1897 1249 ,
1930 1205 1952 1248 ἡ
1983 1201 2192 1254 εὗνέκρωτος
2242 1201 2328 1249 λόη,
2347 1203 2371 1248 ἡ

1344 1255 1583 1302 εὐδαπάνητος
1614 1255 1734 1308 φύσις·
1767 1258 1785 1294 6
1816 1254 1969 1307 σήμερον
1990 1256 2158 1304 ἀπειλῶν,
2176 1270 2221 1294 κα
2254 1253 2373 1307 αὔριον

1343 1310 1515 1347 τελευτῶν
1528 1325 1536 1332 ·
1553 1311 1571 1347 6
1591 1309 1744 1362 σήμερον
1763 1309 1798 1346 ἐν
1813 1307 1974 1360 πλούτῳ,
1990 1308 2050 1346 καὶ
2065 1307 2184 1361 αὔριον
2203 1309 2239 1346 ἐν
2254 1306 2372 1360 τάφῳ·

1345 1364 1363 1400 6
1388 1362 1542 1414 σήμερον
1565 1363 1601 1400 ἐν
1622 1363 1832 1413 διαδήματι,
1861 1361 1921 1400 καὶ
1946 1360 2066 1413 αὔριον
2086 1362 2123 1400 ὃν
2151 1360 2312 1412 μνήματι
2326 1375 2335 1384 ·
2354 1363 2374 1400 6

1345 1415 1497 1466 σήμερον
1522 1416 1557 1453 ἐν
1578 1415 1760 1468 πορφύρα,
1782 1416 1841 1453 καὶ
1861 1414 1977 1467 αὔριον
1993 1416 2028 1452 ἐν
2048 1416 2179 1467 ἐκφορᾷ
2192 1429 2201 1439 ·
2221 1416 2240 1452 6
2258 1413 2374 1465 σήμε-

1346 1482 1403 1519 ρον
1423 1470 1458 1505 ἐν
1477 1471 1662 1520 θησαυροῖς
1677 1498 1687 1514 ,
1708 1468 1767 1506 καὶ
1783 1467 1900 1519 αὔριον
1922 1470 1956 1506 ἐν
1975 1474 2089 1520 σοροῖς
2101 1483 2110 1492 ·
2128 1471 2147 1506 6
2165 1467 2319 1519 σήμερον
2338 1468 2374 1505 ἐν

1346 1520 1482 1567 κόλαξι,
1505 1522 1564 1559 καὶ
1590 1520 1707 1573 αὔριον
1725 1523 1760 1559 ἐν
1779 1519 1952 1568 σκώληξιν
1968 1536 1975 1544 ·
2002 1523 2020 1559 6
2045 1520 2199 1572 σήμερον
2224 1520 2287 1566 ὢν,
2314 1519 2375 1558 καὶ

1347 1573 1466 1626 αὔριον
1484 1574 1532 1625 μὴ
1552 1572 1600 1611 ὧν
1616 1590 1623 1597 ·
1642 1578 1660 1612 ὁ
1679 1574 1757 1626 ἄρτι
1784 1572 2042 1626 φρυαττόμενος
2056 1601 2065 1618 ,
2084 1573 2144 1611 καὶ
2164 1575 2240 1624 μετ’
2258 1572 2374 1623 ὀλίγον

1347 1627 1577 1679 θρηνούμενος
1593 1642 1600 1650 ·
1625 1629 1643 1664 6
1662 1628 1698 1664 ἓν
1722 1627 1926 1679 εὐπραγίαις
1944 1627 2116 1679 ἀφόρητος
2129 1655 2139 1672 ,
2158 1625 2218 1664 καὶ
2236 1626 2271 1663 ἐν
2293 1625 2375 1663 δυσ·

1346 1679 1512 1732 πραγίαις
1545 1679 1838 1731 ἀπαραμύθητος·
1867 1682 1886 1717 6
1917 1680 2038 1717 ἑαυτὸν
2067 1680 2213 1730 ἀγνοῶν,
2241 1677 2302 1717 καὶ
2332 1677 2376 1717 τὰ

1347 1733 1436 1786 ὑπὲρ
1461 1733 1565 1772 αὐτὸν
1584 1735 1888 1785 πολυπραγμονῶν
1903 1748 1910 1756 ·
1931 1735 1949 1771 6
1967 1731 2008 1770 τὸ
2032 1731 2143 1784 παρὸν
2161 1733 2225 1770 οὐκ
2247 1731 2348 1774 εἰδὼς
2364 1760 2375 1778 ,

1347 1786 1407 1824 καὶ
1430 1787 1511 1838 περὶ
1536 1790 1605 1825 τῶν
1625 1785 1823 1836 μελλόντων
1843 1785 2116 1839 φανταζόμενος·
2132 1787 2151 1823 6
2170 1784 2271 1837 φύσει
2294 1788 2377 1831 θνη·

1348 1839 1423 1887 τὸς,
1450 1841 1510 1878 καὶ
1527 1842 1572 1891 τῇ
1597 1839 1761 1891 ἐπάρσει,
1788 1841 1835 1883 ὣς
1856 1839 2010 1889 νομίζει,
2030 1837 2184 1882 αἰώνιος’
2203 1836 2243 1876 τὸ
2260 1837 2377 1885 πάσης

1349 1893 1545 1944 ἀρρωστίας
1564 1893 1790 1946 προκείμενον
1815 1892 2003 1958 πάρεργον,
2030 1891 2072 1930 τὸ
2100 1891 2230 1935 παντὸς
2246 1890 2378 1935 πάθους

1349 1946 1554 1985 suadeam
1585 1945 1818 1997 καταγώγιον,
1845 1959 1885 1984 το
1910 1947 1979 1983 viiiv
2003 1946 2162 1996 πυρετῶν
2190 1943 2377 1997 ἀδιάφορον

1349 1999 1583 2052 καθημερινὸν
1609 1999 1814 2050 γυμνάσιον,
1837 1998 1878 2037 τὸ
1898 1998 2015 2044 πάσης
2040 1997 2155 2045 λύπης
2183 1996 2377 2050 εὖπαριίδε-

1350 2068 1432 2091 κτον
1454 2053 1659 2105 πανδοχεῖον
1694 2052 1744 2090 Ὢ
1762 2052 1856 2098 πόση
1882 2054 1946 2098 τῆς
1971 2050 2146 2103 ἡμετέρας
2161 2049 2335 2093 εὐτελείας
2351 2051 2375 2096 ἡ

1350 2105 1545 2159 τραγῳδία·
1564 2099 1593 2143 ὦ
1613 2105 1718 2149 πόσος
1737 2108 1755 2143 6
1776 2108 1838 2152 τῆς
1858 2104 2077 2157 ἀνθρωπίνης
2101 2103 2273 2147 εὐτελείας
2299 2101 2376 2155 θρί-

1351 2159 1478 2209 αμδος.
1500 2158 1548 2197 Ὠ
1574 2158 1669 2197 πόσα
1700 2152 1808 2204 εἶπον,
1837 2158 1896 2196 καὶ
1925 2160 1989 2204 τῆς
2014 2159 2235 2210 προφητικῆς
2261 2156 2380 2209 φωνῆς

1350 2212 1448 2250 οὐδὲν
1468 2211 1724 2263 ἁρμοδιώτερον
1741 2205 1853 2263 εὗρον,
1865 2213 1929 2257 τῆς
1946 2212 1984 2249 λε
2010 2212 2132 2257 ούσης·
2148 2209 2249 2257 Πλὴν
2263 2207 2379 2261 μάτην

1351 2265 1565 2315 ταράσσεται
1581 2270 1648 2306 πᾶς
1661 2265 1840 2315 ἄνθρωπος
1856 2266 1935 2308 ζῶν.
1949 2227 2060 2306 Ἰἐγλος
2070 2292 2080 2309 ,
2094 2263 2158 2316 ὅρα
2168 2293 2179 2311 ,
2194 2260 2355 2314 &futuri
2368 2289 2380 2307 ‚

1352 2318 1382 2353 εἰ
1413 2317 1462 2367 μὴ
1495 2317 1670 2354 θάλατταν
1701 2321 1861 2366 μιμεῖται
1893 2319 1962 2354 τῶν
1992 2315 2184 2367 ἀνθρώπων
2210 2314 2256 2353 τὰ
2284 2313 2379 2367 πρά-

1351 2384 1472 2420 γματα
1484 2396 1493 2411 ,
1513 2371 1544 2406 εἰ
1563 2368 1611 2418 μὴ
1630 2371 1691 2413 τῆς
1707 2369 1837 2406 ἐκεῖθεν
1852 2371 2009 2420 ταραχῆς
2023 2371 2042 2406 6
2059 2368 2131 2420 βίος
2145 2366 2380 2418 Ῑμπλίκεται,

1352 2423 1382 2459 εἰ
1403 2422 1452 2473 μὴ
1472 2425 1535 2468 τῆς
1561 2424 1668 2473 ὑγρᾶς
1695 2421 1801 2459 πλέον
1821 2421 1877 2458 ἐπὶ
1895 2425 1957 2466 τῆς
1979 2421 2084 2473 ξηρᾶς
2111 2419 2351 2473 χειμαζόμεθα
2365 2447 2378 2467 ,

1353 2476 1381 2512 εἰ
1402 2475 1451 2526 μὴ
1472 2478 1542 2513 τῶν
1573 2474 1709 2525 ἀνέμων
1737 2474 1967 2526 σφοδρότερον
1995 2473 2162 2521 ἀλλήλοις
2179 2472 2381 2525 συμπίπτο-

1354 2543 1430 2578 μεν,
1451 2528 1480 2566 εἶ
1507 2527 1556 2578 μὴ
1581 2527 1624 2565 τὰ
1641 2526 1810 2579 χρήματα
1823 2556 1834 2570 ,
1856 2527 2015 2579 καθάπερ
2034 2526 2255 2578 καταιγίδες,
2271 2530 2288 2548 ”
2300 2528 2379 2565 κατ’

1354 2581 1517 2626 ἀλλήλων
1534 2584 1626 2631 ἡμᾶς
1645 2579 1905 2630 συγκρούουσιν,
1923 2581 1952 2618 εἰ
1972 2581 2022 2630 μὴ
2033 2609 2043 2625 ,
2059 2581 2217 2632 καθάπερ
2234 2580 2272 2618 ἂν
2287 2578 2381 2633 ζόφῳ

327 2647 408 2671 cum
425 2632 554 2670 interea
571 2630 661 2669 nihil
682 2629 886 2682 prophetica
907 2626 973 2665 bac
990 2640 1076 2665 voce
1093 2627 1210 2679 aptius
1227 2626 1280 2664 in-
1307 2638 1332 2669 t>
1354 2633 1550 2686 0222224‘9‚
1578 2627 1644 2671 ὧς.
1666 2636 1807 2671 ‚vium
1826 2633 2095 2685 mpwtpdztffloe·
2114 2627 2228 2677 οὗτος
2248 2630 2382 2671 lusto„

328 2686 485 2724 venerim
508 2702 515 2722 :
540 2685 815 2722 Verumtamen
850 2682 998 2731 frustm
1029 2680 1284 2718 conturbatur

327 2743 451 2777 οηιιιῐς
461 2734 809 2776 homovivens.s‹·d
821 2743 860 2774 ut
870 2735 975 2772 finem
989 2732 1112 2772 faciam
1123 2730 1282 2779 dicendi,

328 2791 424 2838 vide,
442 2805 575 2843 quaeso,
597 2798 634 2828 ut
666 2788 853 2831 bominum
881 2801 935 2825 res
960 2800 1055 2823 mare
1084 2785 1279 2831 imitantur,

330 2854 366 2882 ut
388 2843 652 2898 perturbatione
672 2842 733 2880 illa
751 2840 822 2879 vita
842 2839 915 2878 lna-c
928 2847 1045 2877 nostra
1061 2837 1282 2889 implicatur,

331 2907 368 2935 ut
387 2898 518 2950 saepius
535 2909 642 2947 quam
666 2909 756 2946 aqua
777 2893 812 2931 in
840 2902 930 2931 terra
951 2899 1154 2943 tempestate
1167 2891 1282 2942 jacta—

330 2964 425 2997 mur,
445 2959 481 2987 ut
499 2948 741 2987 vehementius
761 2947 851 2984 inter
882 2959 944 2983 nos
969 2958 1075 2995 quam
1094 2943 1187 2982 venti
1206 2942 1280 2981 col-

330 3002 495 3045 lidimur,
518 3011 555 3040 ut
575 3001 747 3055 pecuniae,
774 2997 874 3051 quasi
905 2997 1084 3050 procella),
1105 3009 1168 3034 nos
1193 2995 1283 3034 inter

330 3069 392 3092 nos
404 3055 643 3097 mmunittunt,
657 3063 689 3091 et
706 3052 806 3104 quasi
825 3051 858 3089 in
876 3058 1079 3103 tempestate
1093 3048 1200 3087 maris
1213 3048 1283 3086 buc

330 3116 434 3157 atque
449 3108 535 3145 illuc
549 3105 781 3159 impellimur.
793 3104 859 3143 llic
872 3103 971 3142 illius
980 3116 1105 3153 agrurn
1120 3110 1282 3153 usurpat,

331 3160 422 3196 alius
449 3159 634 3210 eujusdam
666 3173 785 3197 servos
822 3155 998 3203 alxluxit;
1020 3164 1124 3206 atque
1152 3153 1211 3191 bie
1241 3152 1286 3191 (lc

330 3232 420 3268 aqua
439 3218 594 3256 virinum
613 3216 836 3268 injudicium
856 3214 1020 3258 adducit,
1037 3213 1098 3252 ille
1111 3227 1191 3251 cum
1208 3212 1286 3251 cive

331 3275 375 3313 ‹le
393 3290 472 3313 aere
489 3274 683 3313 contendit.
706 3275 749 3312 lli
786 3282 930 3326 propter
956 3282 1056 3311 terrae
1085 3285 1285 3311 mensuram

1355 2687 1412 2724 τὸν
1431 2687 1536 2738 ἀγρὸν
1550 2686 1824 2739 παρεσπασατο,
1842 2686 1944 2729 ἄλλος
1964 2690 2022 2724 τοῦ
2039 2686 2134 2724 δεῖνα
2150 2685 2228 2730 τοὺς
2244 2683 2385 2729 οἰκέτας

1355 2739 1542 2793 ἀρήρπασε
1561 2754 1569 2763 ·
1590 2740 1648 2778 καὶ
1671 2742 1689 2777 6
1717 2741 1779 2789 μὲν
1809 2739 1890 2791 περὶ
1910 2738 2032 2782 ὓδατος
2051 2741 2101 2791 τῷ
2120 2739 2246 2790 γείτονι
2265 2737 2382 2790 κρίνε-

1354 2808 1431 2836 ται,
1448 2795 1467 2830 6
1486 2792 1520 2830 δὲ
1541 2793 1620 2857 περὶ
1641 2792 1739 2843 α’ίρος
1763 2795 1813 2843 τῷ
1829 2791 2049 2844 συνοικήτορι
2067 2792 2228 2842 πολεμεῖ.
2249 2793 2297 2830 Οἱ
2318 2789 2383 2841 μὲν

1356 2846 1412 2884 διὰ
1436 2846 1547 2897 με’τρα
1567 2861 1628 2891 της
1655 2847 1719 2896 γῆς
1739 2845 2041 2890 διακαπνίζονται,
2060 2844 2092 2882 οἱ
2120 2844 2157 2883 δὲ
2182 2843 2263 2896 περὶ
2283 2846 2381 2883 οἰκο-

1355 2899 1467 2949 δομῆς
1486 2898 1658 2944 ἀλλήλους
1675 2898 1926 2936 διαθλίόουσιν·
1944 2892 2060 2942 οὗτος,
2076 2897 2166 2949 ἅπερ
2180 2898 2243 2936 οὐκ
2257 2897 2382 2945 ἔδωκε,

1355 2952 1476 2990 λα6εῖν
1506 2950 1709 3003 ἐπιφύεται·
1732 2952 1880 2994 ἐκεῖνος,
1905 2950 1995 3001 ἅπερ
2026 2948 2157 2996 ἔλαθε,
2189 2949 2239 3001 μὴ
2265 2950 2385 2989 δοῦναι

1356 3005 1544 3049 δικάζεται.
1561 3004 1607 3041 '0
1636 3004 1700 3053 μὲν
1729 3004 1808 3054 περὶ
1840 3003 1960 3046 τόκους
1992 3002 2276 3048 ἀπληστεύεται·
2299 3005 2319 3042 6
2346 3001 2387 3041 δὲ

1356 3058 1415 3097 καὶ
1450 3057 1489 3096 τὸ
1526 3057 1712 3109 κεφάλαιον
1746 3058 1950 3107 ἀποστερεῖν
1984 3056 2234 3108 διισχυρίζεται
2248 3071 2258 3082 ·
2285 3049 2385 3100 οὗτος

1358 3112 1497 3163 ἀπορῶν
1525 3111 1688 3148 ὀδυνᾶται
1702 3125 1710 3133 ·
1732 3110 1859 3151 ἐκεῖνος
1879 3110 2035 3160 εὐπορῶν
2053 3102 2251 3160 θορυὸεῖται
2267 3123 2276 3132 ·
2295 3111 2314 3148 6
2360 3107 2383 3156 ἡ

1357 3163 1448 3216 ἔχων
1464 3163 1684 3207 ὀνειδίζεται,
1703 3163 1761 3200 καὶ
1781 3165 1799 3199 6
1816 3162 1906 3213 ἔχων
1927 3161 2189 3201 ἐπιῆουλεύεται
2203 3177 2211 3186 ·
2231 3165 2250 3201 6
2265 3162 2302 3200 lv
2322 3124 2359 3199 «r
2370 3183 2382 3191 -

1357 3223 1456 3283 ζαῖς,
1487 3215 1746 3254 ὓποδλίπεται·
1776 3217 1794 3252 6
1820 3216 1855 3253 ἐν
1888 3214 2076 3259 ἐξουσίαις,
2097 3220 2253 3266 μισεῖται
2269 3230 2278 3239 ·
2303 3217 2322 3254 6
2345 3175 2381 3252 ςν

1355 3269 1593 3315 δυναστείαις,
1623 3267 1840 3312 σκευάζεται.
1869 3270 1915 3305 Οἱ
1947 3267 2096 3319 πόλεμοι
2114 3267 2334 3320 συνίχουσιν,
2350 3268 2383 3305 οἱ

379 3391 389 3403 1
415 3381 467 3412 Sic
485 3378 551 3411 «luo
569 3379 642 3411 Mn.
660 3378 750 3414 Edit.
768 3377 850 3411 ιιιειΙι·
871 3382 1024 3417 wamiam
1048 3378 1124 3411 Mox
1142 3387 1409 3421 synonymorum
1435 3377 1466 3409 in
1484 3375 1559 3407 Mu.
1581 3374 1720 3407 saria-tas
1738 3370 1945 3405 ubst-riatur.
