2383 3751
728 121 967 152 ExposlTlo
1006 122 1049 151 IN
1091 122 1300 153 PSALMUM
1339 123 1401 152 tv.
2026 116 2075 158 31

48 208 87 245 τὸ
106 207 168 253 τὴν
188 206 325 260 ψυχὴν,
346 206 409 252 τὴν
427 203 620 252 δυναμένην
639 205 750 241 ταῦτα
771 204 860 255 μετὰ
888 203 1067 255 ἀκριέείας

49 270 214 306 διαθεῖναι
233 268 291 306 καὶ
310 265 465 307 εὐκολίας
483 264 639 311 ἁπάσης,
656 265 856 316 ἐρρωμένην
875 266 935 302 καὶ
951 264 1067 316 ὑγιαί-

48 345 172 367 νουσαν
190 329 294 381 ἔχειν.
315 326 383 365 Καὶ
409 324 466 362 ἵνα
494 324 628 375 μάθητε
654 324 707 362 ὅτι
734 325 837 363 τοῦτο’
867 327 960 364 ἐστιν
981 327 1068 371 ἀλη-

46 391 119 433 Οές·
137 374 290 432 ἔστωιτις
307 387 489 439 βάσκανος,
506 385 563 423 καὶ
591 386 713 435 μηδεὶς
729 388 824 438 αὐτῷ
844 386 1043 436 πολεμείτω
1057 401 1065 409 ·

46 451 80 487 τί
108 450 147 488 τὸ
181 450 314 501 ὄφελος,
345 445 457 488 Αὐτὸς
487 445 555 497 γὰρ
594 448 706 498 ἑαυτῷ
735 448 903 497 πολεμεῖ,
938 446 1067 490 παντὸς

47 510 159 558 ξίφους
175 507 351 560 ὀξυτέρους
370 507 446 544 καθ’
467 508 590 544 ἑαυτοῦ
609 506 724 556 Θήγων
746 506 953 558 λογισμοὺς,
977 514 1066 545 πᾶσι

44 576 115 613 τοῖς
141 567 325 621 ὁρωμένοις
354 566 602 618 προσπταίων,
635 567 694 605 καὶ
714 570 791 605 καθ’
823 567 969 606 ἕκαστον
995 570 1064 605 τῶν

43 629 316 681 ἐντυγχανόντων
359 626 549 678 ἀνθρώπων
582 627 786 680 τιτρώσκων
823 629 944 666 ἑαυτὸν
957 658 966 675 ,
1004 628 1064 666 καὶ

42 690 125 741 πρὸς
155 689 276 728 οὐδένα
305 687 414 735 ἡδέως
442 688 556 740 ἔχων,
588 690 679 727 ἀλλὰ
711 689 844 733 κοινοὺς
876 689 1065 739 πολεμίους

40 751 172 795 πάντας
185 753 285 802 ὁρῶν.
300 751 333 788 Τ
337 750 348 787 ί
363 743 420 786 οὐν
437 749 557 801 ὄφελος
569 753 632 796 τ’ῆς
649 751 771 795 ἔξωθεν
786 751 925 803 εἰρήνης
936 751 1062 803 τούτῳ,

40 812 122 850 ὅταν
148 812 249 855 αὐτὸς
276 813 413 849 λυσσῶν
438 811 497 848 καὶ
525 812 749 863 μαινόμενος,
779 813 838 850 καὶ
866 812 978 856 κοινὸς
1003 816 1065 859 τ-’ῆς

41 873 174 925 φύσεως
193 874 240 911 ὢν
260 873 398 924 ἐχθρὸς,
412 872 644 924 περιέρχηται
657 877 820 912 τοσοῦτον
834 878 848 894 ³
861 873 993 911 ἔνδοθεν
1006 874 1065 926 φέ-

41 949 108 985 ρων
131 933 305 984 πόλεμον,
330 932 390 971 καὶ
418 933 526 984 μυρία
557 934 639 978 τόξα
666 934 725 972 καὶ
749 934 854 985 βέλη,
875 935 1007 985 μᾶλλον
1027 934 1063 972 δὲ

40 994 182 1046 μυρίους
207 994 372 1036 θανάτους
400 993 587 1045 εὐχόμενος
601 1025 609 1041 ,
630 994 652 1040 ἢ
678 997 760 1032 ἰδεῖν
791 1011 868 1033 τινα
887 997 955 1033 τῶν
974 998 1064 1046 ὃμο-

37 1058 144 1106 γενῶν
161 1056 410 1102 εὐδοκιμοῦντα
428 1054 487 1092 καὶ
517 1055 704 1107 εὐημερίας
725 1056 965 1104 ἀπολαύοντα,
986 1056 1063 1094 Πά-

38 1117 92 1152 λιν
119 1115 234 1167 ἕτερος
274 1115 341 1153 ὑπὸ
369 1115 562 1167 χρημάτων
596 1117 781 1167 ἐπιθυμίας
812 1117 1061 1168 κατεχόμενος,

40 1176 180 1228 μυρίους
198 1176 372 1227 πολέμους
390 1176 448 1214 καὶ
472 1176 589 1228 μάχας
607 1177 666 1215 καὶ
685 1178 823 1220 στάσεις
840 1180 889 1220 εἰς
905 1178 966 1224 τὴν
984 1181 1064 1215 ἑαυ-

39 1241 98 1275 τοῦ
126 1238 266 1289 συνάγει
284 1238 400 1290 ψυχὴν
415 1268 423 1283 ,
444 1237 503 1275 καὶ
528 1239 563 1275 ἐν
584 1237 718 1290 θορύὸῳ
746 1238 805 1275 καὶ
824 1241 962 1290 ταραχῇ
992 1238 1039 1275 ὢν
1052 1267 1061 1284 ,

40 1299 116 1337 οὐδὲ
147 1299 270 1351 μικρὸν
301 1301 516 1336 ἀναπνεῦσαι
542 1298 696 1336 δύναται.
729 1299 820 1337 Ἀλλ’
854 1301 918 1350 οὐχ
944 1302 962 1336 ὃ
985 1299 1062 1337 τού-

39 1377 107 1398 των
127 1360 395 1411 ἀπηλλαγμένος
422 1362 491 1396 τῶν
510 1361 630 1397 παθῶν
650 1359 740 1397 οὕτω
766 1359 960 1407 διάκειται,
984 1362 1061 1398 ἀλλ’

38 1422 72 1459 ἐν
100 1422 242 1472 γαληνῷ
272 1419 420 1467 κάθηται
439 1418 573 1470 λιμένι,
595 1421 769 1472 ἐντρυφῶν
793 1423 836 1471 τῇ
858 1421 1062 1473 φιλοσοφία,

37 1481 95 1519 καὶ
120 1480 282 1530 οὐδεμίαν
307 1479 488 1531 ὑπομένων
514 1480 638 1525 ἀηδίαν
660 1481 836 1526 τοιαύτην.
857 1481 920 1519 Διὸ
940 1482 981 1528 δὴ
1005 1483 1063 1520 καὶ

36 1540 165 1586 ταύτης
185 1539 368 1577 ἀπολαύων
399 1542 462 1586 τῆς
491 1538 654 1591 προνοίας
679 1542 696 1577 ὁ
721 1538 904 1591 προφήτης
925 1540 1062 1592 ἔλεγεν·

37 1600 98 1638 Ἔν
118 1600 236 1652 εἰρήνῃ
255 1600 312 1638 ἐπὶ
331 1600 370 1638 τὸ
391 1600 475 1638 αὐτὸ
499 1600 784 1651 κοιμηῡήσομαι,
803 1600 863 1638 καὶ
891 1601 1042 1639 ὑπνώσω
1055 1618 1062 1625 ·

35 1663 170 1708 δηλῶν,
191 1661 244 1699 ὅτι
267 1664 317 1713 τῷ
348 1661 396 1712 μὴ
417 1661 549 1707 ταύτην
578 1662 693 1713 ἔχοντι
720 1661 784 1708 τὴν
817 1662 956 1714 εἰρήνην
985 1663 1062 1701 οὐδὲ

34 1726 52 1761 ὁ
81 1723 191 1766 κοινὸς
224 1722 240 1743 ¹³
252 1722 359 1773 λιμὴν
394 1722 486 1765 ἅπας
521 1721 712 1774 ἀνέῳκται,
748 1723 837 1761 ἀλλὰ
874 1725 932 1762 καὶ
965 1719 1063 1767 οὗτος

34 1784 316 1836 προσκέχωσται,
336 1786 353 1821 ὁ
372 1788 432 1821 τοῦ
453 1783 559 1820 ὕπνου
579 1783 638 1821 καὶ
658 1787 720 1830 τῆς
745 1784 877 1828 νυκτός.
908 1785 965 1822 Τὰ
993 1785 1061 1837 γὰρ

35 1844 128 1890 πάΟη
146 1848 258 1882 ταῦτα
282 1844 341 1882 καὶ
360 1843 424 1889 τὴν
441 1843 510 1881 ἀπὸ
529 1846 591 1889 τῆς
610 1843 745 1895 φύσεως
770 1845 888 1882 ἄδειαν
920 1845 1062 1896 διδομέ-

34 1921 96 1951 νην
126 1904 334 1956 διαφθείρει,
371 1903 472 1955 ἑτέρα
515 1903 691 1955 τυραννίδι
735 1905 967 1958 χαλεπωτέρα
999 1910 1059 1945 τοῦ

34 1965 142 2003 ὕπνου
158 1965 223 2012 τὴν
240 1966 425 2018 τυραννίδα
438 1966 619 2008 παντελῶς
638 1965 904 2017 παρωθούμενα.
925 1969 972 2005 Οἱ
991 1967 1060 2019 γὰρ

34 2026 202 2077 φθονεροὶ,
222 2026 280 2065 καὶ
300 2026 480 2078 βάσκανοι,
501 2025 560 2064 καὶ
577 2026 798 2073 πλεονέκται,
818 2026 877 2064 καὶ
904 2027 1060 2079 ἅρπαγες

33 2091 152 2126 τοῦτον
170 2087 229 2126 τὸν
245 2087 396 2138 πόλεμον
420 2089 599 2139 πανταχοῦ
624 2086 880 2139 περιφέροντες,
903 2088 961 2125 καὶ
980 2089 1059 2132 τοὺς

32 2148 218 2199 πολεμίους
245 2148 339 2186 ἔνδον
367 2147 504 2200 ἔχοντες
531 2147 808 2198 ἐγκαθημένους,
835 2149 988 2201 ὅπουπερ
1016 2150 1056 2187 ἂν

32 2208 225 2257 ἀπέλθωσι,
247 2215 365 2260 φυγεῖν
385 2211 421 2247 οὐ
450 2208 614 2246 δύνανται
631 2208 695 2255 τὴν
717 2208 836 2260 μάχην
849 2225 856 2233 ·
878 2209 967 2248 ἀλλὰ
992 2211 1056 2249 κᾶν

32 2270 119 2309 οἴκοι
149 2270 300 2321 μένωσι,
321 2270 384 2308 κᾶν
404 2269 462 2308 ἐπὶ
488 2269 608 2316 κλίνης
628 2269 793 2318 χέωνται,
809 2270 896 2323 νέφη
918 2273 1028 2322 βελῶν
1046 2302 1056 2320 ,

32 2331 90 2369 καὶ
109 2332 274 2384 θορύίους
289 2336 304 2352 ‘³
319 2331 485 2382 κυμάτων
503 2331 736 2383 βιαιοτέρους,
756 2331 814 2369 καὶ
831 2332 977 2384 σφαγὰς,
997 2334 1056 2372 καὶ

31 2393 204 2445 κραυγὰς,
225 2392 284 2431 καὶ
305 2392 479 2443 οἰμωγὰς,
501 2392 559 2431 καὶ
588 2392 688 2444 ἕτερα
707 2394 827 2444 πολλῷ
845 2395 913 2430 τῶν
932 2395 966 2432 ἐν
986 2400 1058 2439 τοῖς

31 2453 210 2504 πολεμίοις
249 2452 510 2504 συμὸαινόντων
544 2453 778 2506 χαλεπώτερα
811 2454 1056 2504 ὑπομένουσιν.

33 2516 123 2553 Ἀλλ’
155 2516 220 2566 οὐχ
253 2517 271 2552 ὁ
307 2514 439 2558 δίκαιος
471 2513 579 2558 οὕτως
593 2530 600 2538 ·
637 2514 728 2552 ἀλλὰ
765 2514 823 2553 καὶ
861 2516 1058 2568 ἐγρηγορὼς

31 2583 165 2628 τρυφᾷ,
198 2575 258 2614 καὶ
288 2577 323 2613 ἐν
350 2579 462 2627 καιρῷ
489 2578 550 2622 τ”ἧς
582 2576 701 2619 νυκτὸς
730 2576 818 2626 μετὰ
847 2578 979 2622 πολλῆς
996 2581 1059 2625 τῆς

31 2638 156 2683 ἡδονῆς
175 2636 233 2675 τὸν
252 2636 358 2674 ὕπνον
376 2636 527 2688 δέχεται.
544 2637 590 2675 Τί
612 2637 648 2675 δέ
668 2639 773 2684 ἐστιν,
795 2638 879 2676 Ἐπὶ
897 2638 936 2676 τὸ
952 2641 1056 2688 αὐτό,

31 2698 253 2750 Συνηγμένος
267 2697 352 2750 πρὸς
367 2698 535 2748 ἐμαυτὸν,
552 2699 657 2750 φησὶ,
675 2699 976 2751 σονεστραμμένος
988 2730 997 2746 ,
1017 2702 1056 2738 οὐ

31 2760 230 2811 σχιζόμενος
256 2762 302 2803 εἰς
327 2760 451 2811 μυρίας
478 2760 680 2812 φροντίδας,
701 2761 778 2799 οὐδὲ
806 2760 850 2798 τὰ
869 2765 929 2800 τοῦ
951 2762 1056 2805 δεῖνος

31 2822 88 2858 καὶ
107 2825 166 2859 τοῦ
187 2822 294 2864 δεῖνος
314 2823 504 2872 μεριμνῶν,
519 2821 595 2859 οὐδὲ
615 2824 662 2865 εἰς
678 2822 740 2869 τὴν
755 2823 962 2874 οἰκουμένην
978 2824 1054 2861 δια-

30 2882 237 2933 τεμνόμενος
257 2888 333 2926 ταῖς
351 2881 528 2934 φροντίσιν
544 2898 551 2905 ·
573 2883 662 2921 ἀλλὰ
684 2884 728 2921 τὰ
752 2885 902 2934 ἐμαυτοῦ
920 2885 1057 2936 λογιζό-

32 2958 142 2993 μενος,
162 2945 220 2982 καὶ
240 2944 282 2982 τὰ
306 2944 383 2994 ἐμοὶ
410 2943 615 2995 διαφέροντα
630 2974 639 2990 ,
662 2945 720 2982 καὶ
745 2945 766 2982 ἃ
788 2946 943 2995 μάλιστά
963 2948 1056 2984 ἐστιν

31 3004 201 3056 ἀνθρώπῳ
227 3004 471 3056 προσήκοντα·
488 3004 575 3042 “Ort
603 3004 643 3043 σὺ
659 3035 668 3050 ,
690 3006 817 3058 Κύριε,
841 3007 929 3045 κατὰ
951 3007 1056 3058 μόνας

31 3065 85 3102 ἐπ’
105 3066 219 3104 ἐλπίδι
240 3065 437 3117 κατῴκισάς
457 3081 515 3116 με.
537 3065 586 3103 Ἳ)
611 3065 644 3104 δὲ
666 3067 757 3118 λέγει
785 3068 938 3105 τοιοῦτόν
965 3071 1058 3107 ἐστι·

32 3127 73 3175 τῇ
103 3128 172 3163 τῶν
199 3126 395 3177 μελλόντων
417 3127 531 3164 ἐλπίδι
563 3128 621 3165 καὶ
655 3131 697 3179 τῇ
728 3129 920 3181 προσδοκίᾳ
947 3134 990 3181 τῇ
1013 3133 1059 3173 εἰς

77 3259 88 3271 ¹·
115 3248 192 3288 neg.
211 3251 322 3282 ἔνδοθεν
337 3255 498 3292 βιαταὶ-’ων
517 3255 584 3284 πολ.

79 3300 93 3323 ¹·
117 3299 212 3331 (loll).
235 3304 322 3340 λιμὴν
340 3306 354 3335 ὸ
372 3310 456 3335 πᾶσιν
476 3309 628 3343 ἀιέοιιτιι.

1082 2655 1106 2684 Ε

1141 212 1270 252 matur,
1282 217 1350 241 non
1361 203 1486 243 morbo
1497 212 1529 242 et
1540 204 1688 244 adversa
1699 207 1902 245 valetudine
1913 219 2089 259 gravetur,

1140 277 1211 301 non
1229 264 1350 315 aliquo
1362 278 1483 302 eorum
1497 279 1575 316 (1113-
1586 265 1793 304 humanitus
1806 268 1987 320 inopinato
2000 273 2091 307 acci-

1141 323 1231 361 dunt
1244 326 1488 377 perturbetur,
1503 340 1542 364 eo
1555 328 1651 378 quod
1662 328 1836 366 valentem
1853 338 1885 366 et
1900 343 2021 367 sanam
2030 330 2091 367 ha-

1141 384 1221 423 beat
1230 386 1402 435 animam,
1412 401 1490 438 quae
1502 388 1576 426 haec
1586 398 1698 441 potest
1708 390 1874 441 praeclare
1883 399 1915 428 et
1925 391 2093 429 facillime

1140 445 1390 485 administrare
1409 462 1448 486 30
1464 457 1667 501 temperare.
1682 450 1730 488 Et
1749 460 1787 488 ut
1807 451 1925 488 sciatis
1940 451 2007 489 hoc
2019 465 2093 490 esse

1141 520 1291 544 verum:
1323 508 1369 546 sit
1395 509 1525 560 aliquis
1553 510 1715 559 invidus,
1749 520 1782 549 et
1812 525 1914 549 nemo
1939 526 2021 550 cum
2052 526 2093 550 eo

1139 567 1275 606 bellum
1303 579 1422 620 gerat3
1442 570 1532 621 quid
1554 572 1686 623 juvat?
1713 573 1792 624 Ipse
1819 573 1913 611 enim
1932 588 2015 612 cum
2039 588 2090 612 se-

1140 629 1216 681 ipso
1229 630 1365 668 bellum
1386 632 1493 683 gerit,
1513 633 1640 683 quovis
1653 647 1732 671 ense
1751 634 2038 685 penetrabiliores
2052 637 2090 673 in

1139 704 1175 728 se
1195 691 1422 742 cogitationes
1449 707 1595 743 acuens,
1623 694 1660 732 in
1687 695 1853 733 omnibus
1871 711 1949 746 quae
1968 697 2091 734 viden-

1139 759 1198 788 tur
1212 751 1408 801 offendens,
1428 762 1461 791 et
1472 753 1508 791 in
1524 754 1674 806 singulis
1693 756 1755 806 qui
1771 766 1961 794 occurrunt
1976 757 2091 795 homi-

1138 812 1244 850 nibus
1264 813 1420 866 seipsum
1448 815 1626 864 saucians,
1652 816 1687 853 in
1707 816 1849 855 nullum
1866 817 2038 856 benevolo
2057 829 2091 857 et

1139 882 1238 922 grato
1254 874 1372 912 animo
1388 875 1575 927 praeditus,
1593 875 1654 914 sed
1672 890 1792 915 omnes
1810 878 1891 915 illos
1909 888 2090 930 tamquam

1138 932 1254 972 hostes
1274 935 1425 973 intuens.
1451 936 1540 982 Quae
1559 946 1610 975 est
1628 951 1711 989 ergo
1739 938 1792 976 illi
1811 940 1910 991 pacis
1937 950 2090 980 externae

1138 995 1289 1043 utilitas,
1309 996 1452 1046 quando
1471 998 1530 1035 ille
1547 998 1667 1036 furens
1689 1008 1721 1036 et
1745 1000 1844 1038 rabie
1861 1001 2033 1052 percitus,
2057 1012 2090 1040 et

1138 1056 1335 1093 communis
1357 1066 1490 1095 naturae
1515 1058 1628 1096 hostis
1656 1059 1928 1110 circumcursat,
1950 1071 2087 1101 tantum

1137 1117 1316 1154 internum
1328 1117 1464 1155 bellum
1478 1128 1633 1170 gestans,
1653 1129 1686 1157 et
1697 1120 1796 1158 mille
1806 1121 1884 1159 telis
1895 1136 1935 1159 30
1953 1123 2090 1174 sagittis

1137 1177 1276 1215 confodi
1283 1207 1294 1227 ,
1317 1187 1421 1228 atque
1448 1179 1535 1217 adeo
1563 1181 1681 1232 potius
1703 1181 1833 1219 millies
1856 1193 2007 1221 mortem
2027 1200 2088 1236 113-

1135 1238 1162 1274 11
1176 1247 1302 1290 0111305
1311 1267 1322 1288 ,
1336 1253 1444 1290 (111310
1454 1239 1576 1278 videre
1585 1241 1790 1293 quempiam
1800 1256 1845 1279 ex
1857 1243 1900 1280 iis
1908 1273 1917 1291 ,
1932 1245 1994 1294 qui
2008 1254 2088 1282 sunt

1136 1298 1296 1350 ejusdem
1310 1300 1466 1350 generis,
1485 1301 1521 1338 in
1534 1301 1628 1339 bona
1647 1316 1720 1339 esse
1732 1303 2011 1353 existimatione,
2027 1315 2088 1343 aut

1136 1359 1273 1396 felicius
1298 1360 1429 1411 agere?
1458 1361 1637 1399 Teneatur
1663 1377 1786 1400 rursus
1810 1364 1902 1402 alius
1931 1366 2088 1417 pecunise

1137 1419 1331 1472 cupiditate
1340 1451 1350 1470 ,
1365 1422 1549 1460 innumera
1563 1423 1674 1472 bella,
1688 1438 1844 1476 pugnas,
1856 1434 1889 1463 et
1902 1426 2090 1465 seditiones

1135 1480 1172 1517 in
1198 1494 1261 1518 5113
1282 1482 1410 1519 conflat
1435 1483 1577 1521 anima:
1605 1498 1623 1522 e
1650 1486 1807 1523 tumultu
1837 1500 1877 1523 ac
1904 1488 2088 1538 perturba-

1135 1541 1229 1578 tione
1242 1542 1460 1593 exagitatus,
1484 1557 1527 1582 ne
1539 1553 1652 1596 potest
1665 1546 1811 1596 quidem
1826 1548 2015 1599 paululum
2036 1564 2089 1587 re-

1135 1602 1281 1654 spirare.
1307 1606 1353 1640 At
1367 1618 1437 1642 non
1460 1604 1490 1642 is
1508 1605 1569 1656 qui
1585 1614 1635 1644 est
1653 1606 1744 1644 liber
1762 1607 1807 1644 ab
1821 1608 1994 1660 ejusmodi
2010 1624 2089 1662 per-

1134 1664 1416 1713 turbationibus,
1450 1665 1518 1703 boe
1547 1667 1654 1705 modo
1679 1668 1828 1706 affectus
1851 1678 1930 1707 est:
1961 1670 2021 1708 sed
2051 1671 2087 1708 in

1134 1725 1329 1776 tranquillo
1348 1735 1454 1778 portu
1480 1726 1591 1776 sedet,
1620 1742 1657 1766 se
1680 1728 1790 1766 studii
1819 1730 1999 1781 sapientiae
2026 1746 2088 1769 vo·

1134 1784 1332 1837 luptatibus
1362 1787 1530 1838 explens,
1557 1797 1589 1825 et
1620 1789 1755 1826 nullam
1780 1790 1955 1841 ejusmodi
1981 1792 2086 1830 mole-

1135 1845 1238 1882 stiam
1257 1846 1444 1884 sustinens.
1466 1848 1641 1893 Quocirca
1657 1849 1722 1887 1130
1741 1864 1881 1901 quoque
1899 1853 2088 1903 providen-

1133 1905 1181 1943 tia
1201 1906 1320 1944 fruens
1346 1908 1515 1959 propheta
1545 1908 1686 1947 dicebat
1705 1925 1712 1946 :
1744 1913 1790 1948 In
1818 1925 1914 1961 pace
1948 1915 1989 1950 in
2023 1916 2086 1952 id-

1135 1970 1257 2018 ipsum
1280 1971 1470 2007 dormiam
1489 1979 1525 2008 et
1543 1974 1780 2022 requiescam
1792 1987 1810 2020 ;
1836 1973 2003 2020 innuens,
2036 1976 2085 2025 ei,

1134 2027 1195 2077 qui
1210 2027 1301 2066 113110
1316 2042 1383 2066 non
1402 2029 1509 2067 habet
1527 2044 1670 2082 pacem,
1696 2045 1739 2069 ne
1759 2046 1982 2072 communem
2009 2037 2086 2086 qui·

1132 2087 1214 2125 dem
1233 2089 1393 2126 omnium
1416 2099 1560 2142 portum
1587 2105 1661 2128 esse
1684 2102 1863 2144 apertum,
1890 2096 1951 2132 sed
1981 2095 2086 2134 illum

1131 2163 1272 2200 quoque
1285 2150 1507 2189 obstructum
1521 2166 1610 2200 esse,
1625 2167 1750 2206 nempe
1769 2155 1897 2205 quietis
1914 2165 1947 2194 et
1961 2158 2084 2196 noctis.

1132 2210 1348 2262 Hujusmodi
1367 2212 1461 2249 0111111
1481 2213 1763 2265 perturbationes
1782 2215 1887 2254 0113111
1912 2232 1988 2255 eam
2007 2233 2085 2270 (11131

1131 2285 1151 2308 3
1165 2281 1291 2310 natura
1302 2272 1409 2310 datur
1420 2273 1644 2312 securitatem
1655 2276 1758 2327 prossi
1762 2285 1844 2327 gant
1852 2277 1932 2322 ,3113
1945 2280 2084 2329 gravio-

1131 2331 1161 2370 ri
1185 2332 1374 2385 tyrannide
1395 2335 1538 2372 omnino
1559 2334 1797 2374 deturbantes.
1822 2338 1941 2376 lux-idi
1966 2340 2081 2384 enim,

1131 2393 1246 2442 avari,
1273 2402 1306 2431 et
1327 2403 1484 2446 raptores
1508 2395 1573 2432 1100
1595 2395 1729 2434 bellum
1752 2397 1909 2450 undique
1929 2400 2081 2439 011011111-

1131 2454 1294 2504 ferentes,
1308 2464 1341 2493 et
1355 2455 1449 2493 intus
1463 2455 1595 2507 positos
1612 2456 1774 2495 inimicos
1793 2459 1977 2505 habentes,
1997 2477 2082 2512 quo·

1132 2529 1283 2566 cumque
1305 2516 1528 2563 recesserint,
1551 2530 1707 2568 pugnum
1730 2531 1798 2556 non
1826 2530 1970 2571 possunt
1994 2523 2082 2560 01111-

1131 2590 1237 2628 gere:
1268 2577 1329 2615 sed
1352 2578 1414 2616 etsi
1438 2577 1536 2616 domi
1565 2589 1744 2623 maneant,
1770 2581 1834 2618 etsi
1863 2581 1898 2619 in
1919 2582 2007 2620 lecto
2027 2585 2082 2636 ja-

1131 2648 1247 2687 ccant,
1264 2639 1415 2677 telorum
1436 2639 1564 2687 nubes,
1582 2649 1613 2677 et
1634 2641 1808 2678 tumultus
1826 2642 1930 2680 undis
1949 2644 2081 2683 1111100-

1131 2700 1252 2747 tiores,
1278 2700 1406 2749 cades,
1426 2701 1611 2745 clamores,
1632 2703 1791 2751 querelas
1810 2712 1840 2740 01
1856 2704 2080 2755 ejulationes,

1130 2771 1162 2799 et
1189 2762 1258 2800 alia
1284 2762 1398 2799 multo
1418 2762 1462 2799 iis
1477 2776 1555 2812 (103·
1583 2762 1672 2799 inter
1693 2763 1808 2800 hostes
1823 2765 1987 2804 accidunt
2003 2781 2079 2818 gra-

1131 2823 1229 2861 viora
1255 2823 1438 2861 sustinent.
1467 2826 1509 2860 At
1532 2838 1598 2860 non
1619 2824 1668 2860 sie
1688 2825 1833 2875 justus:
1855 2826 1914 2864 sed
1940 2837 1971 2864 et
1993 2829 2081 2879 sigi-

1131 2885 1207 2922 lans
1229 2884 1459 2922 delectatione
1492 2884 1636 2930 fruitur,
1669 2894 1700 2922 et
1730 2895 1900 2925 nocturno
1927 2898 2082 2941 tempore

1131 2960 1212 2983 011111
1228 2959 1353 2996 inagna
1366 2946 1546 2998 voluptate
1558 2960 1719 2984 5001111110
1731 2948 1834 3000 capit.
1848 2950 1945 2995 Quid
1958 2960 2006 2987 051
2021 2966 2081 2987 ,10-

1131 3016 1219 3051 10111,
1234 3006 1991 3060 Inidip.=·11m.²¹lnini-ipsunt.inquit,totu>
2003 3027 2080 3048 000-

1131 3082 1270 3115 vcrsus,
1295 3083 1360 3106 non
1378 3069 1411 3106 in
1433 3083 1533 3105 00135
1553 3068 1827 3108 111111111101·.’1111105
1843 3072 1897 3109 xlix
1910 3074 1996 3116 isus,
2014 3089 2081 3111 nou

1130 3145 1208 3182 (103·
1222 3139 1301 3168 sunt
1321 3131 1426 3182 liujus
1444 3130 1497 3168 xel
1516 3130 1612 3167 itlius.
1631 3131 1805 3181 cogitans,
1825 3147 1885 3170 000
1906 3134 1938 3171 in
1959 3135 2080 3172 orben·

1121 3267 1131 3278 ἱ·
1159 3255 1236 3295 ΙιΡΤξ,
1258 3261 1396 3296 ιμύςᾶτωγ
1415 3258 1641 3298 71)ἐῖἲάῗέιῖῡυς
1659 3270 1704 3287 114
1724 3271 1833 3299 'sl-‘¹1³5

2171 586 2293 614 Invidia*

2105 628 2245 655 conditio.
