2383 3751
754 281 994 312 EXPOSITIO
1031 282 1072 311 IN
1113 279 1324 310 PSALMUM
1360 275 1514 309 xmx.·

94 379 150 407 τος
169 364 273 401 αὐτοῦ
297 363 413 414 λόγον.
448 362 653 413 Καθήμενος
685 362 777 401 κατὰ
804 366 863 400 τοῦ
884 363 1032 415 ἀδελφοῦ
1053 377 1114 401 σου

93 424 306 467 κατελάλεις.
328 423 418 462 Ἀλλ’
437 423 494 461 ἵνα
514 423 779 475 διορθώσωμαι,
800 423 917 475 φησίν.

146 1100 282 1139 Οὐκοῦν
319 1101 357 1138 οὐ
391 1100 503 1153 λάθρᾳ
539 1099 765 1138 ἀδιαὲάλλειν
803 1100 923 1151 ἐχρῆν,
955 1097 1046 1144 ἀλλ’,
1071 1099 1117 1139 ὡς

93 1161 271 1199 ἐκέλευσεν
284 1165 302 1199 ὃ
317 1161 465 1214 Χριστὸς
477 1190 487 1208 ,
506 1164 583 1199 κατ’
604 1161 693 1199 ἰδίαν
713 1160 865 1198 λαὲόντα
887 1160 1054 1210 διορθοῦν.
1073 1159 1118 1195 Αἱ

93 1220 160 1272 γὰρ
196 1221 348 1274 δημοσίᾳ
383 1221 562 1273 γινόμεναι
594 1220 826 1272 κατηγορίαι,
858 1218 1028 1262 πολλάκις
1060 1217 1119 1255 καὶ

93 1283 422 1335 ἀναισιυντοτέρους
449 1286 588 1320 ποιοῧσι
602 1298 609 1305 ·
638 1282 697 1320 καὶ
716 1281 780 1324 ἕως
803 1281 865 1331 μὲν
885 1280 925 1318 ἂν
944 1280 1062 1318 ἴδωσιν
1089 1281 1121 1317 οἱ

94 1344 217 1381 πολλοὶ
236 1347 305 1382 τῶν
325 1344 610 1396 ἁμαρτανόντων,
632 1342 838 1381 &neum-„bv
853 1341 975 1384 αὐτοὺς
990 1343 1119 1386 λαθεῖν,

95 1404 154 1442 καὶ
177 1407 375 1443 ἐπανελθεῖν
398 1405 521 1458 ῥᾳδίως
553 1407 750 1456 αἱροῦνται·
770 1404 851 1441 ὅταν
873 1403 907 1441 δὲ
935 1402 998 1449 τὴν
1022 1403 1120 1454 παρὰ

94 1467 162 1502 τῶν
182 1466 320 1503 πολλῶν
351 1466 551 1505 ἀπολέσωσι
588 1466 699 1510 δόξαν,
729 1467 776 1508 εἷς
810 1463 1005 1515 ἀπόγνωσίν
1031 1479 1120 1506 τινες

93 1526 212 1564 λοιπὸν
241 1526 475 1576 ἐμπίπτουσι,
510 1527 568 1565 καὶ
589 1529 636 1569 εἰς
663 1525 908 1578 ἀναισχυντίαν
928 1524 1121 1569 ἐξολισθαί-

92 1599 221 1622 νουσιν.
248 1584 338 1622 Ἀλλ’
358 1586 528 1633 ἠδικήθης
545 1601 580 1622 τι
598 1588 683 1636 παρ’
705 1587 822 1622 αὐτοῦ.
844 1583 891 1621 Τί
918 1582 1032 1621 τοίνυν
1063 1583 1122 1621 καὶ

92 1644 216 1681 σαυτὸν
241 1644 395 1691 ἀδικεῖς;
414 1644 458 1683 ‘O
477 1645 544 1696 γὰρ
572 1643 787 1694 ἀμυνόμενος
817 1645 893 1681 καθ’
929 1645 1052 1680 ἑαυτοῦ
1081 1643 1121 1681 τὸ

93 1703 186 1756 ξίφος
204 1706 297 1743 ὠθεῖ.
320 1706 364 1743 Εἰ
389 1705 456 1757 γὰρ
488 1705 606 1757 βούλει
637 1704 696 1742 καὶ
716 1704 842 1742 σαυτὸν
863 1705 1091 1756 εὐεργετῆσαι
1110 1735 1119 1752 ,
1134 1738 1182 1763 240

2050 269 2136 329 287

1180 361 1414 414 senciamus,
1439 360 1544 397 vade
1567 360 1620 397 ad
1652 373 1771 408 mare,
1787 369 1823 398 et
1850 364 1954 398 mitte
1973 363 2142 413 hamum,

1193 429 1231 458 et
1249 435 1334 459 eum
1365 423 1509 472 piscem
1528 422 1595 472 qui
1617 423 1763 472 primus
1789 423 2018 470 ascenderit,
2040 425 2143 472 tolle,

1193 489 1231 518 et
1257 483 1298 519 in
1327 494 1371 518 eo
1395 482 1567 521 invenies
1591 491 1791 530 scaterem;
1813 483 1866 519 da
1893 497 1977 520 eum
2000 486 2053 521 eis
2076 498 2145 534 pro

1197 551 1233 580 te
1251 552 1289 580 et
1310 556 1381 593 pro
1411 556 1483 580 me.
1505 542 1658 588 Quando
1683 543 1776 581 enim
1804 543 1919 595 legem
1948 544 2058 581 multa
2088 559 2143 582 sa·

1195 603 1329 655 pientia
1354 603 1497 656 plenam
1529 604 1579 641 eis
1603 604 1747 653 ferebat,
1761 605 1901 657 ipsique
1934 605 2147 643 insanabiles

1195 669 1305 715 erant,
1339 665 1465 702 merito
1494 678 1553 702 eos
1584 666 1780 715 contemsit,
1809 676 1841 704 et
1872 666 1986 718 legem
2011 667 2145 705 solvit:

1195 739 1277 763 cum
1292 735 1411 764 autem
1427 740 1496 764 non
1508 736 1648 779 possent
1666 728 1742 779 ejus
1759 727 1959 766 divinitatis
1974 728 2148 766 rationem

1194 787 1382 839 suscipere,
1393 788 1475 839 jure
1496 801 1620 825 rursus
1651 802 1687 825 se
1714 787 1882 837 demittit,
1904 798 1937 826 et
1965 803 2037 827 suae
2055 788 2147 827 divi-

1193 846 1315 884 nitatis
1343 847 1515 885 rationem
1548 848 1724 885 tributum
1756 849 1926 886 solvendo
1957 849 2148 888 adumbrat

1193 915 1227 944 et
1241 907 1386 959 obtegit.
1404 908 1548 946 Sedens
1564 909 1749 947 adversus
1763 910 1935 963 fratrem
1959 919 2066 948 tuzcm
2090 913 2147 950 lo-

1194 970 1388 1020 quebaris.
1413 971 1459 1006 At
1483 968 1533 1018 id,
1553 969 1682 1020 inquit,
1701 969 1877 1008 faciebam
1907 979 1947 1008 ut
1973 986 2055 1009 eum
2074 986 2149 1010 cor-

1193 1028 1357 1081 rigerem.

1248 1091 1309 1128 10.
1340 1092 1420 1129 Non
1431 1092 1617 1143 oportebat
1629 1106 1711 1144 ergo
1735 1090 1939 1132 clanculum
1958 1095 2150 1133 calumnia-

1192 1151 1223 1188 ri
1240 1152 1319 1201 sed,
1334 1152 1384 1190 ita
1402 1161 1442 1189 ut
1456 1153 1565 1204 jussit
1587 1154 1773 1203 Christus,
1796 1169 1953 1193 seorsum
1971 1171 2150 1194 assumere

1193 1220 1227 1249 et
1247 1212 1433 1264 corrigere.
1450 1213 1538 1259 Quae
1569 1215 1664 1252 enim
1684 1216 1830 1267 publice
1850 1216 1941 1254 fiunt
1960 1218 2147 1270 reprelien-

1194 1273 1320 1323 siones,
1343 1288 1435 1326 saepe
1464 1275 1571 1312 etiam
1599 1276 1754 1315 reddunt
1791 1278 2068 1330 impudentiores
2089 1296 2097 1316 ε
2118 1289 2150 1317 et

1194 1335 1393 1387 complures
1430 1336 1575 1387 quidem
1607 1349 1830 1390 peccatores,
1853 1340 1964 1378 donec
1996 1341 2152 1378 viderint

1192 1395 1272 1433 fieri
1298 1410 1411 1448 posse’
1429 1406 1467 1434 ut
1490 1398 1633 1447 lateant,
1662 1400 1766 1438 facile
1792 1401 1828 1438 in
1857 1401 2016 1439 animum
2048 1402 2151 1439 indu-

1194 1466 1291 1506 cunt,
1308 1465 1348 1493 ut
1367 1457 1403 1494 in
1422 1458 1519 1496 viam
1538 1459 1701 1509 redeant;
1723 1462 1865 1512 quando
1885 1472 2003 1500 autem
2022 1463 2151 1501 bonam

1193 1517 1291 1570 apud
1308 1518 1441 1557 multos
1468 1520 1768 1561 existimationem
1787 1524 2029 1576 perdiderint,
2064 1525 2152 1562 inci-

1193 1577 1284 1615 dunt
1307 1580 1470 1617 nonnulli
1491 1580 1657 1635 deinceps
1676 1584 1711 1622 in
1739 1584 2034 1637 desperationem,
2049 1595 2082 1623 et
2103 1586 2152 1624 la—

1193 1639 1330 1677 buntur
1354 1640 1391 1678 in
1418 1641 1691 1695 impudentiam.
1711 1649 1756 1684 At
1786 1647 1944 1698 aliquam
1974 1648 2041 1685 tibi
2070 1648 2152 1685 fecit

1191 1700 1375 1753 injuriam.
1392 1703 1466 1740 Cur
1485 1717 1568 1756 ergo
1589 1706 1746 1758 teipsum
1764 1722 1904 1760 quoque
1924 1709 2054 1761 injuria
2074 1709 2152 1746 affi—

91 1767 247 1805 κάκεῖνον
267 1766 466 1818 ἀμύνασθαι
480 1766 576 1815 ,εἰπὲ
595 1768 712 1810 καλῶς
725 1765 783 1804 τὸν
798 1766 1010 1812 ἠδικηκότα·
1029 1766 1119 1804 οὕτω
1146 1775 1171 1804 Α
1194 1761 1269 1799 Cis?
1287 1762 1362 1808 Qui
1387 1763 1483 1801 enim
1515 1779 1550 1803 se
1575 1766 1748 1817 vindicat,
1764 1769 1920 1822 seipsum
1953 1784 2033 1807 ense
2052 1770 2150 1822 petit.

90 1827 238 1872 πολλοὺς
258 1831 362 1867 αὐτοῦ
388 1829 545 1875 ποιήσεις
575 1828 651 1866 ἀντὶ
683 1832 743 1866 σοῦ
774 1826 852 1870 τοὺς
883 1827 1118 1879 κατηγόρους,

90 1888 149 1927 καὶ
169 1889 270 1933 αὐτὸς
289 1889 396 1928 πολὺν
415 1890 510 1942 λήψῃ
547 1889 668 1940 μισθόν
681 1904 689 1912 ·
711 1889 751 1926 ἂν
779 1888 815 1926 δὲ
843 1891 960 1931 κακῶς
988 1888 1093 1940 λέγῃς
1108 1917 1118 1935 ,

90 1949 168 1988 οὐδὲ
198 1950 430 2001 πιστευθήσῃ,
450 1950 577 2002 ἔχθρας
592 1948 748 2001 ὑποψίαν
771 1948 978 2000 δεχόμενος.
1003 1949 1116 1988 “stote

89 2012 137 2054 εἷς
154 2011 352 2050 τούναντίον
379 2026 433 2048 σοι
461 2010 709 2063 περιτρέπεται
733 2010 778 2048 τὰ
796 2012 860 2055 τῆς
879 2011 1044 2056 σπουδῆς.
1065 2010 1116 2048 Σὺ

90 2070 152 2121 μὲν
171 2070 238 2123 γὰρ
257 2073 391 2123 τρῶσαι
412 2072 516 2108 αὐτοῦ
535 2070 599 2116 τὴν
624 2069 723 2114 δόξαν
754 2067 892 2120 βούλει,
922 2069 1053 2120 γίνεται
1081 2070 1116 2108 δὲ

88 2131 286 2170 τούναντίον
303 2148 310 2155 ·
347 2131 402 2169 διὰ
435 2130 502 2182 γὰρ
533 2131 706 2184 εὐφημίας
725 2161 734 2178 ,
756 2133 794 2168 οὐ
827 2130 883 2168 διὰ
904 2131 1117 2183 κατηγορίας

88 2196 191 2232 τοῦτο
210 2192 395 2244 συμὸαίνει
411 2208 418 2216 ·
437 2192 527 2230 ἀλλὰ
552 2192 751 2230 τούναντίον
772 2192 863 2230 ἅπαν
877 2208 884 2216 ·
912 2192 971 2230 καὶ
988 2193 1114 2231 σαυτὸν

89 2254 152 2304 μὲν
182 2254 346 2304 μειζόνως
377 2253 621 2306 καταισχύνεις
634 2284 644 2303 ,
663 2254 792 2292 ἐκείνου
829 2254 864 2292 δὲ
897 2256 962 2306 οὐχ
991 2254 1117 2306 ἅψεταί

89 2330 150 2353 σου
167 2314 211 2353 τὰ
235 2315 335 2366 βέλη.
355 2314 400 2353 ‘H
429 2314 496 2368 γὰρ
516 2315 623 2368 ἔχθρα
649 2317 934 2367 προσαπαντῶσα
953 2321 1026 2359 ταῖς
1045 2319 1114 2355 τῶν

91 2376 286 2414 ἀκουόντων
323 2375 510 2422 διανοίαις,
549 2377 611 2414 οὐκ
641 2375 783 2428 ἀφίησιν
805 2379 917 2415 αὐτῶν
937 2379 1114 2424 ἐντεθῆναι

88 2443 164 2481 ταῖς
183 2439 303 2481 ἀκοαῖς
322 2437 365 2476 τὰ
383 2438 574 2490 λεγόμενα,
594 2437 653 2476 καὶ
674 2437 799 2476 ταύτὸν
817 2438 950 2490 γίνεται
969 2433 1039 2476 οἷον
1056 2438 1114 2477 ἐπὶ

87 2500 156 2537 τῶν
175 2502 426 2551 παραγραφῶν.
442 2498 556 2538 ζὈτοιν
572 2499 640 2551 γὰρ
659 2499 868 2552 ἀντικρούση
885 2516 937 2544 τις
955 2502 1003 2543 εἰς
1019 2501 1115 2538 δικα-

89 2560 241 2613 στήριον,
255 2561 295 2599 τὸ
314 2567 382 2600 πᾶν
403 2561 583 2599 διαλύεται
595 2560 698 2604 τέως·
724 2561 815 2599 οὕτω
833 2561 875 2609 δὴ
892 2562 952 2600 καὶ
967 2563 1113 2600 ἐνταῦθα

89 2622 150 2660 οὐκ
170 2621 311 2674 ἀφίησιν
331 2621 564 2674 εἰσαγώγιμον
590 2621 750 2674 γενέσθαι
779 2622 844 2668 τὴν
873 2622 973 2670 δίκην
1001 2626 1022 2670 ἡ
1051 2626 1113 2670 τῆς

89 2681 211 2734 ἔχθρας
231 2682 385 2721 ὑπόνοια.
421 2682 481 2730 Μὴ
511 2683 625 2722 τοίνυν
643 2683 724 2735 λέγε
744 2686 879 2730 κακῶς,
899 2682 955 2721 ἵνα
975 2684 1024 2734 μὴ
1055 2684 1113 2723 καὶ

83 2743 213 2782 σαυτὸν
235 2742 404 2795 μολύνῃς,
426 2744 514 2794 μηδὲ
545 2744 711 2797 βόρῧορον
742 2745 864 2797 ὕφαινε
886 2745 974 2792 μετὰ
1000 2748 1113 2792 πηλοῦ

90 2803 149 2842 καὶ
163 2804 338 2848 πλινθείας
350 2835 359 2852 ,
377 2805 466 2843 ἀλλὰ
482 2806 669 2858 στεφάνους
690 2807 759 2845 ἀπὸ
779 2806 886 2857 ῥόδων
903 2806 1010 2845 πλέκε
1026 2838 1034 2855 ,
1055 2808 1114 2846 καὶ

92 2863 162 2912 ἴων,
182 2865 240 2903 καὶ
263 2869 330 2904 τῶν
359 2868 490 2904 λοιπῶν
521 2867 650 2905 ἀνΟέων
665 2883 672 2890 ·
708 2867 796 2918 μηδὲ
818 2867 947 2919 κόπρον
966 2869 1024 2906 ἐπὶ
1050 2873 1111 2907 τοῦ

91 2924 259 2976 στόματος
278 2926 358 2979 φέρε
374 2957 384 2973 ,
415 2927 572 2979 καθάπερ
595 2930 625 2966 οἱ
646 2928 809 2982 κάνθαροι
830 2932 955 2976 (τοῦτο
989 2930 1056 2982 γὰρ
1081 2934 1111 2970 οἷ

90 2989 104 3006 ”
121 2991 389 3040 κακηγοροῦντες
416 3005 423 3012 ·
457 2989 555 3026 αὐτοὶ
589 2992 651 3036 τ’ῆς
687 2991 855 3034 δυσωδίας
897 2991 1111 3030 ἀπολαύουσι

91 3048 220 3098 πρῶτοι
236 3051 260 3094 ),
274 3050 352 3087 ἀλλ’
368 3049 454 3096 ἄνθη
467 3079 476 3096 ,
493 3049 650 3102 καθάπερ
668 3053 701 3088 αἱ
719 3050 900 3101 μέλιτται,
919 3052 977 3091 καὶ
990 3052 1111 3105 ὕφαινε

93 3108 197 3160 κηρία
222 3112 298 3148 κατ’
332 3110 481 3159 ἐκείνας,
504 3112 562 3149 καὶ
597 3111 692 3163 γίνου
722 3120 808 3152 πᾶσι
830 3114 1018 3166 προσηνής.
1040 3114 1111 3152 Τὸν

94 3167 156 3218 μὲν
174 3169 239 3221 γὰρ
261 3172 454 3224 κακήγορον
482 3174 632 3217 ἅπαντες
651 3175 929 3228 ἀποστρέφονται
947 3204 956 3220 ,
983 3178 1029 3218 ὡς
1049 3191 1110 3213 σα-

94 3228 179 3280 πρὸν
195 3231 312 3274 ὄζοντα
324 3261 334 3278 ,
355 3233 510 3287 καθάπερ
529 3235 606 3272 τινὰ
623 3235 770 3286 βδέλλαν
790 3236 933 3288 αἵματι,
955 3237 1012 3275 καὶ
1029 3237 1108 3274 κάν-

139 3360 155 3385 11
180 3360 240 3392 Alii
257 3366 352 3408 λάθρᾳ
369 3369 518 3407 γογγὺζιιν
532 3372 632 3412 ἐχρῆν.

1193 1822 1233 1861 Si
1266 1824 1360 1861 enim
1388 1824 1444 1863 vis
1483 1835 1516 1864 et
1552 1828 1706 1880 teipsum
1737 1830 1909 1869 beneficio
1941 1832 2095 1879 afficere,
2117 1842 2151 1869 et

1193 1883 1299 1921 illum
1329 1885 1441 1936 probe
1465 1886 1603 1937 ulcisci,
1623 1889 1712 1928 bene
1733 1890 1832 1928 dicas
1865 1891 1910 1929 de
1933 1907 1972 1930 eo
1997 1893 2059 1944 qui
2082 1893 2149 1930 tibi

1191 1944 1275 1982 fecit
1289 1945 1460 1997 injuriam
1482 1962 1490 1983 :
1513 1948 1562 1985 ita
1589 1950 1695 1988 facies
1717 1961 1754 1988 ut
1774 1953 1881 1990 multi
1902 1954 1970 1991 sint
1991 1956 2066 2006 ejus
2086 1968 2150 2006 pro

1191 2014 1225 2043 te
1243 2016 1475 2057 accusatores,
1496 2018 1528 2046 et
1549 2010 1625 2062 ipse
1645 2026 1811 2064 magnam
1830 2015 2027 2053 mercedem
2051 2016 2149 2053 acci—

1191 2066 1284 2118 pies;
1305 2067 1358 2105 sin
1387 2077 1505 2106 autem
1525 2071 1730 2121 maledicas,
1748 2088 1790 2112 ne
1807 2075 1896 2113 fides
1924 2076 2069 2127 quidem
2083 2076 2149 2114 tibi

1192 2129 1395 2178 habebitur,
1412 2131 1525 2182 utqui
1546 2132 1816 2174 inimicitiarum
1832 2138 2033 2189 suspicione
2051 2138 2149 2175 labo-

1191 2204 1257 2228 res.
1278 2192 1398 2237 Quare
1426 2200 1529 2230 tuum
1563 2195 1722 2234 studium
1745 2198 1812 2235 tibi
1833 2199 1982 2236 vertitur
2013 2200 2046 2237 in
2069 2214 2149 2238 con-

1191 2252 1354 2289 trarium.
1377 2254 1436 2291 Tu
1455 2255 1550 2292 enim
1571 2256 1626 2294 vis
1645 2257 1776 2296 bonam
1796 2260 1872 2312 ejus
1891 2260 2022 2298 famam
2045 2275 2149 2299 cver-

1190 2322 1274 2362 tere,
1309 2323 1430 2352 contra
1460 2325 1579 2354 autem
1599 2318 1833 2372 acciditzper
1867 2321 2009 2360 laudem
2041 2323 2147 2367 cuim.

1190 2388 1260 2413 non
1290 2389 1354 2428 per
1382 2378 1643 2417 accusationem
1675 2381 1743 2418 hoc
1783 2382 1915 2427 eve-nin
1938 2383 1999 2421 sed
2027 2394 2146 2423 contra

1189 2437 1409 2475 omninozet
1441 2439 1597 2491 teipsum
1628 2441 1775 2492 quidem
1805 2444 1931 2496 majori
1953 2445 2147 2496 ignominia

1189 2499 1324 2548 afficis,
1343 2499 1449 2537 illum
1474 2510 1592 2539 autem
1619 2511 1679 2540 tua
1710 2503 1776 2540 tela
1803 2519 1870 2542 non
1900 2515 2053 2556 tangcnt.
2077 2507 2146 2544 lni-

1192 2561 1336 2600 micitiae
1367 2562 1474 2611 enim,
1489 2578 1566 2613 quae
1599 2577 1635 2600 sc
1659 2565 1812 2602 offerunt
1836 2567 1966 2604 animis
1997 2567 2144 2606 audien-

1189 2624 1292 2671 tium,
1311 2637 1378 2661 non
1407 2624 1542 2669 sinunt,
1564 2635 1601 2662 ut
1629 2640 1706 2675 (11¹ae
1738 2626 1919 2672 dicuntur,
1936 2629 1969 2665 in
1996 2630 2145 2667 auribus

1188 2699 1310 2723 eorum
1331 2684 1578 2730 admittantur,
1596 2696 1628 2723 ct
1649 2686 1683 2723 id
1700 2687 1818 2739 ipsum
1839 2688 1967 2726 accidit
1987 2690 2084 2740 quod
2107 2691 2142 2728 iu

1188 2746 1526 2798 praescriptiouibus.
1561 2746 1714 2792 Quando
1751 2748 1844 2785 cuim
1889 2750 2068 2801 quispiam
2107 2751 2141 2788 in

1183 2806 1322 2859 Judicio
1341 2806 1479 2858 aliquid
1494 2807 1674 2858 objecerit,
1697 2809 1900 2846 uuiversum
1921 2811 2050 2848 interca
2070 2811 2142 2849 dis-

1188 2868 1368 2906 solvitur:
1392 2868 1439 2905 ita
1468 2868 1526 2905 hic
1555 2869 1661 2906 ctiam
1685 2884 1750 2907 uon
1784 2871 1953 2921 pcrmittit
1988 2873 2143 2925 suspicio

1188 2928 1468 2977 inimicitiarum,
1492 2939 1527 2967 ut
1545 2929 1955 2982 admittaturjudicium.
1978 2935 2028 2971 λι·
2058 2949 2142 2985 ergo

1187 2990 1398 3036 maledicas,
1432 3005 1473 3028 nc
1511 3001 1543 3028 tt·
1583 2993 1698 3044 ipsum
1739 2993 1877 3043 polluas
1896 3009 1902 3029 :
1923 3008 1984 3031 mx·
2024 2996 2140 3033 lutum

1187 3062 1355 3090 contexas
1372 3066 1452 3089 cum
1489 3053 1564 3090 luto
1591 3063 1622 3090 ct
1657 3054 1837 3094 lan-rums.
1853 3055 1911 3092 sut
1933 3070 2078 3094 ‹mn-onas
2097 3073 2139 3096 cx

1139 3132 1162 3162 (j
1187 3114 1287 3160 rosis,
1298 3128 1343 3151 cx
1363 3113 1467 3152 violis
1489 3123 1518 3150 ct
1541 3114 1686 3164 reliquis
1707 3114 1853 3151 tlon-filum
1874 3127 2057 3154 ‹vnum-tc:
2080 3133 2142 3156 nec

1186 3185 1320 3213 stt-rcus
1351 3189 1409 3212 ort·
1439 3176 1540 3218 stras,
1561 3175 1861 3225 qucrnmlmmluu¹
1894 3178 2058 3215 svau-almi
2082 3180 2139 3225 ,id

1185 3237 1496 3288 cuiiustu·iuntqui
1513 3236 1724 3274 umlulicuut
1746 3253 1751 3272 :
1770 3247 1804 3274 ut
1822 3239 1882 3289 qui
1902 3240 1966 3290 ipsi
1983 3240 2140 3279 stt-torem

1134 3376 1220 3400 rvvlt‘
1234 3393 1242 3408 ,
1259 3367 1347 3402 Edit.
1369 3367 1478 3400 Muri-l.
1501 3372 1563 3400 clusi
1580 3373 1726 3413 .·³²5'5⁴.=0⁴
1749 3374 1910 3410 ἀπίξι-νει,
1932 3371 2054 3412 [Stu‘il.
2074 3381 2137 3407 Nn}

139 3425 151 3438 ι·
176 3413 303 3456 ΛΙὶἰΙιιι
320 3416 438 3459 ὃιινίΙ.Ι
463 3427 700 3465 κατηγοροῦντες.
725 3419 791 3451 Sed
823 3419 937 3452 uun-lius
968 3435 1095 3463 κακη-μ-
1131 3424 1278 3465 βορίῖυγιου
1301 3421 1536 3459 ἀποκάμνω-Ι

96 3472 222 3509 [’θῦγτί»·-
251 3466 341 3499 lnsrn
373 3480 431 3510 pro
458 3474 494 3507 ὡς
520 3479 648 3516 σαπρὸν,
670 3479 700 3502 ιιι
733 3471 854 3504 hubent
882 3473 1095 3513 Mnuuscripti

2180 1105 2352 1143 Reprehen»

2164 1149 2258 1175 siout-s
2279 1159 2351 1184 quo-

2165 1190 2251 1216 modo
2309 1190 2352 1217 sa-

2165 1232 2287 1258 cienda.

2168 1272 2280 1317 ,tl-auh.
2305 1270 2350 1299 18.

2170 1321 2215 1341 ω.
