2430 3721
134 2239 141 2256 t
176 2228 253 2254 Jnnn
287 2236 310 2255 Ι.

314 181 399 227 172
746 173 785 206 S·
823 173 1011 205 JoANNts
1045 169 1291 201 CHRYSOST.

308 273 342 302 et
360 259 546 301 ostendens
560 259 595 298 in
611 258 679 298 Dei
691 258 801 296 ductu
815 257 1023 297 universum
1042 253 1150 292 situm
1167 266 1257 302 esse,

307 335 341 365 et
353 325 488 376 absque
502 322 675 369 exercitu,
690 321 719 359 si
735 321 766 359 is
783 333 886 372 opem
906 318 1006 363 serat,
1024 329 1126 369 imsse
1141 315 1258 368 parari

309 386 508 433 victoriam,
522 385 633 422 instar
649 381 861 436 precationis
875 378 1108 431 compositam
1127 376 1260 415 suasio-

309 461 389 486 nem
403 456 436 486 et
452 444 734 485 exhortationem
755 442 855 479 essert
874 439 920 478 ad
939 438 1210 486 commilitones,
1227 445 1262 475 et

311 509 427 546 Deum
445 506 627 556 alloquens
639 517 698 541 eos
712 501 922 555 promtiores
937 499 1053 539 reddit
1065 508 1099 538 et
1110 498 1262 538 alacrio-
1285 507 1312 541 c

310 583 376 607 res.
388 569 468 607 Non
483 576 534 605 est
548 574 666 603 autem
682 563 757 602 haze
770 576 880 616 parva
896 575 978 615 pars
991 559 1261 599 adhortationis.

310 630 430 679 Neque
463 627 558 665 enim
587 634 724 664 mutum
761 623 895 661 virium
923 621 1104 660 habuisset
1128 619 1175 659 ad
1203 634 1264 659 eos

310 703 477 727 conversa
492 686 617 736 oratio,
638 685 730 724 sicut
748 683 793 723 ad
812 685 927 722 Deum
951 682 1097 721 directa.
1119 681 1166 721 Et
1185 681 1264 720 ideo

227 777 236 790 .
269 765 294 791 ’,
311 748 502 803 procedens
516 746 611 785 dixit
629 762 638 784 τ
653 746 741 785 Non
761 748 803 783 in
835 744 968 797 gladio
1000 756 1070 781 suo
1087 742 1264 793 possede-

311 820 401 850 runt
417 819 572 856 terram,
588 816 623 846 et
649 808 811 845 dextera
833 818 963 844 eorum
997 817 1076 841 non
1097 803 1265 842 salvavit

311 886 386 911 eos.
403 871 479 909 Hoc
497 879 548 908 est
567 868 662 907 enim
680 868 758 920 ejus
775 866 836 917 qui
857 880 915 903 eos
937 872 1069 902 recreat
1088 872 1121 900 ct
1141 863 1267 910 reficit,

311 933 374 985 qui
390 941 470 970 sunt
483 929 643 970 molliori
654 938 687 967 et
703 926 927 966 imbecilliori
941 925 1059 963 animo
1072 922 1118 961 ad
1131 923 1270 961 labores

314 992 568 1045 suscipiendos,
586 990 648 1041 qui
665 996 828 1040 qumi-unt
847 985 1034 1023 victoriam
1051 998 1096 1022 ex
1113 983 1269 1022 humana

316 1069 434 1093 rerum
462 1054 562 1091 serie.
591 1050 720 1088 Omnis
745 1062 828 1099 ergo
860 1047 935 1085 haze
964 1046 1118 1098 precatio
1147 1054 1199 1083 est
1222 1045 1269 1084 ad

316 1115 447 1153 milites
477 1111 692 1157 adhortatio,
707 1123 786 1161 qua:
813 1107 917 1160 jubet
941 1106 1061 1146 omnia
1088 1107 1124 1144 in
1151 1107 1268 1144 Deum

316 1175 512 1227 conjicere,
544 1181 767 1221 statuereque
803 1183 847 1207 ex
883 1182 946 1221 spe
979 1168 1015 1206 in
1050 1167 1154 1205 illum
1185 1181 1269 1220 pen-

315 1237 399 1275 dere
425 1234 623 1275 victoriam.
645 1234 719 1270 Cur
748 1239 866 1269 autem
895 1243 963 1268 non
985 1228 1079 1267 dixit
1096 1228 1269 1278 absolute,

320 1296 547 1344 Audivimus,
565 1293 640 1342 sed,
662 1294 817 1332 Nostris
837 1293 997 1330 auribus
1019 1291 1238 1331 audivimus
1251 1295 1268 1328 ?

319 1359 483 1406 Quanam
499 1357 593 1395 enim
606 1356 675 1393 alia
689 1353 847 1406 corporis
859 1361 959 1405 parte
972 1350 1143 1389 auditur?
1157 1352 1270 1392 Num-

318 1419 407 1471 quid
434 1434 513 1470 quae
540 1417 711 1456 dicuntur
729 1424 811 1454 sunt
830 1413 1118 1466 supervacanea?
1138 1413 1241 1452 Absit
1261 1430 1268 1451 :

320 1480 382 1520 sed
404 1481 463 1519 hic
481 1489 531 1518 est
551 1493 627 1517 mos
645 1476 844 1516 conununis
865 1474 1064 1522 hominum,
1083 1474 1142 1525 qui
1159 1489 1270 1526 quan-

320 1543 367 1581 do
385 1543 504 1593 aliqua
523 1549 680 1587 narrant,
690 1537 878 1589 dequibus
896 1545 978 1574 sunt
997 1535 1079 1573 sacti
1096 1536 1271 1586 certiores,

321 1614 355 1643 et
374 1619 429 1643 res
460 1616 605 1654 magnas
629 1610 663 1638 et
688 1598 806 1651 magni
832 1596 999 1651 ponderis
1029 1597 1196 1646 referunt,
1217 1597 1274 1647 iis,

321 1666 453 1718 quibus
489 1679 527 1702 ea
563 1677 631 1702 non
668 1670 750 1700 sunt
785 1673 895 1711 usque
923 1657 1011 1696 adeo
1044 1667 1149 1706 certa,
1171 1673 1274 1697 aures

322 1741 459 1780 semper
475 1725 663 1777 adjiciunt,
683 1722 840 1760 dicentes
859 1734 896 1758 se
913 1719 1062 1758 auribus
1081 1718 1272 1758 audivisse.

324 1790 402 1827 Non
413 1789 447 1826 in
459 1788 651 1825 hac-‘tutem
664 1785 779 1822 solum
790 1781 940 1830 actione,
950 1780 1011 1819 sed
1027 1780 1134 1818 ctiam
1146 1780 1180 1818 in
1193 1780 1275 1818 aliis

324 1849 391 1888 hoe
407 1850 523 1902 ipsum
546 1849 659 1885 faeere
677 1843 940 1892 consuevimus,
958 1851 1097 1881 nostros
1117 1841 1276 1894 ipsorum

324 1925 446 1949 sensus
479 1908 712 1962 producentes
743 1906 778 1943 in
808 1903 1065 1943 testimouium.
1099 1901 1165 1941 Est
1193 1917 1277 1955 ergo

324 1986 445 2011 eorum
469 1970 530 2022 qui
556 1969 682 2008 volunt
712 1966 820 2005 sidem
848 1961 965 2003 facere
989 1963 1158 2014 auditori,
1177 1978 1280 2002 aures

324 2034 527 2086 adjungere.
548 2032 642 2070 Nam
670 2029 704 2067 in
732 2027 847 2067 oculis
870 2026 989 2075 etiam,
1009 2025 1093 2064 etin
1114 2024 1281 2064 manibus

326 2096 393 2134 hoc
409 2096 526 2148 ipsum
545 2092 711 2139 facimus,
731 2099 770 2127 ut
788 2087 930 2139 quando
959 2087 1114 2125 dicimus
1135 2102 1143 2123 :
1163 2086 1282 2126 Mani-

329 2156 398 2195 bus
414 2155 543 2193 nostris
562 2151 799 2206 palpavimus.
813 2147 988 2187 Dicebant
1003 2147 1086 2185 item
1105 2147 1256 2199 apostoli
1272 2162 1280 2183 :

337 2221 431 2268 Quoe
453 2216 636 2254 viderunt
658 2211 762 2250 oculi
781 2210 916 2257 nostri,
933 2216 968 2246 et
990 2221 1126 2246 manus
1141 2217 1282 2246 nostrae

331 2282 678 2317 contrectaverunt.
699 2270 793 2312 xidc
813 2278 931 2307 autem
960 2283 1082 2307 eorum
1110 2268 1165 2307 vel
1198 2267 1282 2307 hinc

331 2355 373 2379 ex
400 2337 570 2392 prooemio
591 2334 774 2381 virtutem,
787 2330 848 2383 qui
865 2344 945 2368 cum
964 2338 1013 2367 tot
1032 2338 1065 2368 et
1088 2338 1182 2367 tanta
1203 2343 1282 2381 pro·

332 2410 408 2455 pter
423 2402 536 2439 Deum
553 2396 646 2450 passi
667 2403 791 2442 esseut,
803 2408 824 2432 a
839 2391 952 2446 patria
965 2400 998 2429 et
1015 2390 1176 2428 libertate
1189 2390 1283 2428 exei-

330 2464 474 2510 dissent,
494 2458 648 2513 pericula
675 2456 856 2502 adiissent,
872 2453 934 2492 alii
955 2462 1073 2491 autem
1104 2452 1138 2490 in
1158 2452 1282 2503 sugam

331 2525 414 2572 acti,
436 2531 570 2561 montes
598 2528 630 2558 et
645 2517 856 2557 solitudines
871 2522 1176 2568 persequerentur,
1191 2513 1280 2550 nihil
1295 2538 1342 2566 ¹45

331 2600 452 2625 eorum
483 2582 622 2621 interim
646 2580 784 2627 dicunt,
816 2576 992 2625 videlicet,
1021 2574 1096 2613 Hoc
1121 2583 1155 2613 et
1189 2573 1281 2612 illud
1307 2578 1329 2606 Λ

332 2647 422 2701 passi
441 2659 563 2684 sumus
583 2651 727 2696 propter
748 2649 792 2688 te,
810 2639 855 2677 da
883 2637 985 2677 nobis
1000 2635 1179 2674 auxilium
1197 2651 1205 2672 :
1222 2634 1283 2673 sed

332 2719 512 2759 tamquam
528 2706 602 2744 have
620 2704 671 2743 eis
685 2702 944 2752 (leessent,qu:e
957 2699 1039 2751 jure
1059 2698 1185 2736 afferre
1206 2712 1284 2750 pos-

334 2779 419 2815 sent,
442 2783 504 2806 nec
523 2766 692 2805 fiduciam
712 2778 758 2802 ex
772 2762 847 2801 suis
863 2760 963 2799 finctis
983 2758 1164 2807 haberent,
1183 2758 1227 2797 ad
1245 2772 1284 2797 ea

332 2846 409 2883 qua·
425 2832 520 2867 Deus
534 2826 730 2879 majoribus
744 2824 889 2863 illorum
909 2822 1047 2866 fecerat,
1061 2820 1283 2871 confugiunt.

335 2892 407 2930 Eos
420 2890 514 2928 enim
534 2889 593 2940 qui
616 2886 785 2925 fiduciam
805 2896 873 2923 non
904 2882 1048 2928 habent,
1070 2880 1145 2918 haec.
1173 2880 1288 2919 facere

335 2967 401 2991 non
417 2960 466 2989 est
486 2949 702 2996 mirandum,
722 2959 804 2985 cum
828 2945 923 2998 ipsos
944 2941 990 2980 ad
1010 2941 1077 2979 hoc
1094 2941 1210 2980 trahat
1229 2956 1288 2980 ne-

333 3014 475 3052 cessitas
497 3028 504 3048 :
528 3026 609 3050 cum
626 3018 743 3049 autem
763 3007 830 3056 illi,
848 3003 910 3058 qui
928 3003 1096 3056 quoniam
1126 3011 1219 3041 recte
1238 3003 1287 3041 se-

333 3085 469 3122 verunt,
499 3073 686 3124 magnifice
715 3068 811 3120 loqui
841 3073 1000 3121 possunt,
1015 3065 1139 3103 nolunt
1170 3078 1214 3102 ex
1247 3064 1290 3102 iis

335 3136 478 3180 servari,
499 3133 557 3173 sed
583 3149 625 3171 ex
657 3132 718 3171 Dei
749 3128 985 3181 lmnignitate,
1011 3140 1082 3177 qua
1112 3124 1148 3163 in
1174 3133 1290 3177 patres

337 3213 420 3236 usus
435 3205 498 3241 est,
519 3196 585 3233 ho«-
615 3202 664 3233 est
693 3205 863 3242 magnum
892 3195 1142 3240 argumentum
1167 3198 1286 3223 eorum

337 3257 547 3296 humilitatis
568 3273 574 3292 z
593 3253 723 3309 promti
751 3261 867 3291 autem
898 3259 928 3290 et
954 3248 1082 3288 alacris
1099 3246 1155 3286 sui
1177 3246 1287 3285 animi

1297 1173 1320 1203 D

1301 1853 1325 1884 Ε

1332 171 1538 204 AnctttssP.
1577 171 1941 204 CONSTANTINOP-

1335 254 1386 307 ρὶς
1405 256 1662 309 στρατοπέδων,
1679 257 1946 308 πμμαιοῧντος
1965 256 2089 303 αὐτοῦ,
2103 256 2246 294 δυνατὸν
2259 272 2355 310 περι·

1331 316 1504 369 γενέσθαι,
1518 319 1554 356 ἐν
1573 318 1680 370 εὖχῆς
1695 317 1791 361 τάξει
1810 316 1888 354 τινὰ
1903 316 2108 368 παραίνεσιν
2127 317 2186 355 καὶ
2201 318 2355 368 συμὸου·

1332 377 1398 425 λὴν
1427 384 1580 417 ποιεῖται
1610 379 1695 430 πρὸς
1728 377 1806 421 τοὺς
1835 377 2075 428 στρατιώτας,
2105 378 2166 417 καὶ
2194 380 2246 430 τῷ
2272 381 2357 431 Θεῷ

1334 439 1576 491 διαλεγόμενος
1598 438 1876 491 προθυμοτέρους
1904 438 2055 482 ἐκείνως
2087 438 2279 490 ἐργάζεται.
2301 441 2357 479 Οὖ

1335 500 1458 551 μικρὸν
1483 500 1520 538 δὲ
1546 503 1649 538 τοῦτο
1676 499 1931 551 παρακλήσεως
1965 497 2080 551 μέρος.
2101 499 2194 538 Οὐδὲ
2219 499 2287 552 γὰρ
2316 498 2358 538 ἃν

1335 560 1476 612 ἴσχυσεν
1495 560 1622 611 ὁμοίως
1639 563 1658 598 ὁ
1684 560 1784 611 λόγος
1812 560 1897 612 πρὸς
1925 559 2075 602 ἐκείνους
2100 559 2359 612 τετραμμένος,

1335 622 1494 674 καὶπρὸς
1511 622 1570 660 τὸν
1590 622 1682 660 Θεὸν
1712 621 1990 671 ἀποτεινόμενος.
2009 620 2073 659 Διὸ
2098 620 2141 667 δὴ
2171 620 2231 659 καὶ
2257 624 2360 659 τοῦτο

1335 682 1466 735 προϊὼν
1483 684 1616 734 ἔλεγεν·
1635 685 1713 721 Οὐκ
1729 683 1786 721 ἐπὶ
1808 685 1850 733 τῇ
1869 682 2025 734 ῥομφαία
2044 684 2159 720 αὐτῶν
2179 681 2361 732 ἐκληρονό·

1337 750 1454 795 μησαν
1487 748 1567 797 γῆν,
1601 745 1660 783 καὶ
1684 748 1706 791 ἡ
1736 744 1831 788 δεξιὰ
1861 745 1974 783 αὐτῶν
1995 746 2058 782 οὐκ
2076 744 2205 782 ἔσωσεν
2225 744 2360 788 αὐτούς.

1338 807 1454 844 Τοῦτο
1473 805 1540 858 γὰρ
1572 805 1650 849 τοὺς
1671 806 1916 858 ἀσθενέστερον
1936 805 2021 857 πρὸς
2045 803 2125 848 τοὺς
2143 805 2266 848 πόνους
2285 805 2359 844 δια·

1338 866 1517 916 κειμένους
1548 862 1591 914 ἦν
1619 867 1890 918 ἀνακτιιιμένου,
1923 866 2001 909 τοὺς
2022 867 2112 904 κατὰ
2142 865 2362 918 ἀνθρωπίνην

1339 927 1545 965 ἀκολουθίαν
1562 929 1750 972 ζητοῦντας
1766 928 1829 974 τὴν
1849 928 1962 973 νίκην.
1984 929 2089 966 Πᾶσα
2107 927 2221 965 τοίνυν
2237 930 2260 974 ἡ
2275 927 2362 979 εὐχὴ

1340 986 1430 1033 αὕτη
1449 987 1632 1039 προτροπὴ
1652 994 1724 1032 τοῖς
1751 990 1999 1040 στρατοπέδοις
2032 990 2105 1029 ἐστὶ
2119 1018 2129 1035 ,
2156 990 2196 1028 τὸ
2214 996 2284 1028 πᾶν
2305 989 2364 1028 ἐπὶ

1340 1047 1398 1085 τὸν
1412 1048 1505 1086 Θεὸν
1522 1050 1621 1100 ῥῖψαι
1634 1048 1843 1093 κελεύουσα,
1862 1051 1922 1088 καὶ
1943 1050 2132 1100 ἐξαρτῆσαι
2152 1053 2215 1097 τῆς
2233 1053 2362 1089 ἐκεῖθεν

1341 1108 1479 1152 ἐλπίδος
1499 1109 1562 1155 τὴν
1581 1108 1692 1156 νίκην.
1713 1109 1782 1148 Διὰ
1805 1110 1838 1147 τί
1863 1110 1899 1148 δὲ
1930 1112 1992 1150 οὐκ
2011 1106 2118 1157 εἶπεν,
2147 1112 2366 1163 ἠκούσαμεν,

1342 1171 1482 1215 ἁπλῶς,
1501 1170 1595 1217 ἀλλ’,
1608 1168 1670 1208 'liv
1691 1176 1762 1213 τοῖς
1792 1171 1878 1208 ὠσὶν
1895 1174 1997 1222 ἡμῶν
2020 1172 2223 1223 ἠκούσαμεν
2240 1188 2250 1218 3
2270 1173 2367 1225 Ποίῳ

1342 1230 1409 1283 γὰρ
1435 1230 1542 1283 ἑτέρῳ
1571 1229 1670 1282 μέρει
1692 1246 1742 1273 τις
1765 1231 1885 1269 ἀκούει
1903 1236 1963 1269 τοῦ
1991 1232 2154 1283 σώματος
2169 1248 2180 1277 ;
2197 1227 2286 1283 Ἆρα
2317 1232 2366 1284 μὴ

1341 1292 1589 1344 περιττολογία
1607 1291 1651 1330 τὰ
1669 1292 1865 1343 λεγόμενα,
1888 1293 1949 1341 Μὴ
1969 1293 2103 1344 γένοιτο
2117 1308 2125 1316 ·
2146 1292 2237 1332 ἀλλὰ
2256 1293 2368 1332 κοινὸν

1343 1353 1416 1397 ἔθος
1435 1355 1504 1391 τῶν
1525 1353 1716 1405 ἀνθρώπων
1736 1354 1846 1402 ἐστὶν,
1867 1353 1950 1393 ὅταν
1963 1354 2040 1392 τινὰ
2055 1355 2244 1406 διηγῶνται
2256 1385 2266 1404 ,
2281 1354 2370 1408 ὑπὲρ

1343 1409 1391 1454 ὧν
1411 1417 1478 1453 εἶσι
1507 1415 1881 1467 πεπληροφορημένοι,
1901 1415 1958 1454 καὶ
1980 1416 2060 1468 περὶ
2080 1416 2242 1468 μεγάλων
2267 1419 2370 1456 τινῶν

1345 1476 1403 1514 καὶ
1436 1476 1638 1528 ὑπερόγκων
1664 1478 1834 1514 ποιῶνται
1866 1476 1930 1523 τὴν
1964 1477 2141 1528 διήγησιν,
2175 1476 2260 1530 πρὸς
2293 1477 2371 1521 τοὺς

1343 1537 1467 1575 “admo
1485 1538 1534 1587 μὴ
1552 1537 1684 1591 σφόδρα
1705 1538 2083 1590 πεπληροφορημένους
2096 1569 2106 1586 ,
2127 1539 2372 1590 προστιθέασιν

1345 1600 1399 1638 ἀεὶ
1419 1600 1461 1638 τὰ
1482 1592 1570 1645 ὦτα,
1590 1599 1779 1652 φάσκοντες
1799 1605 1870 1643 τοῖς
1894 1600 1978 1637 ὠσὶν
1999 1600 2198 1647 ἀκηκοέναι.
2217 1602 2295 1639 Οὐκ
2314 1600 2374 1638 ἐπὶ

1345 1661 1495 1707 ταυτησὶ
1516 1660 1550 1698 δὲ
1584 1663 1646 1707 τ’ἧς
1678 1661 1851 1713 ἐνεργείας
1884 1660 2000 1711 μόνον,
2020 1661 2111 1699 ἀλλὰ
2138 1661 2197 1700 καὶ
2216 1662 2274 1700 ἐπὶ
2304 1663 2373 1700 τῶν

1347 1723 1462 1761 ἄλλων
1479 1722 1519 1760 τὸ
1536 1722 1620 1760 αὐτὸ
1647 1728 1758 1760 ποιεῖν
1785 1722 1971 1773 εἰώθαμεν,
1991 1724 2171 1775 μάρτυρας
2190 1725 2375 1766 καλοῦντες

1347 1783 1453 1827 αὐτὰς
1479 1783 1541 1826 τὰς
1577 1783 1766 1830 αἰσθήσεις.
1802 1783 2054 1834 Πιστουμένων
2081 1785 2195 1822 τοίνυν
2211 1784 2287 1822 ἐστὶ
2317 1783 2374 1822 τὸν

1347 1845 1539 1898 ἀκροατὴν,
1558 1846 1598 1884 τὸ
1617 1848 1685 1883 τῶν
1703 1844 1801 1882 ὤτων
1822 1844 1886 1892 τὴν
1902 1844 2107 1897 προσθήκην
2124 1851 2253 1884 ποιεῖν.
2269 1844 2375 1884 Ἐπεὶ

1348 1906 1407 1945 καὶ
1425 1906 1482 1944 ἐπὶ
1502 1907 1689 1959 ὀφθαλμῶν
1721 1906 1779 1944 καὶ
1807 1909 1935 1958 χειρῶν
1954 1906 1994 1943 τὸ
2023 1907 2108 1944 αὐτὸ
2131 1910 2310 1958 ποιοῦμεν,
2329 1908 2377 1950 ὡς

1348 1967 1430 2005 ὅταν
1450 1967 1622 2018 λέγωμεν,
1641 1973 1717 2010 ταῖς
1735 1966 1857 2019 χερσὶν
1876 1968 1977 2018 ἡμῶν
1998 1967 2292 2020 ἐψηλαφήσαμεν.
2307 1967 2377 2007 Καὶ

1348 2031 1380 2067 οἱ
1401 2029 1587 2067 ἀπόστολοι
1622 2028 1657 2067 δὲ
1683 2028 1814 2079 ἔλεγον,
1837 2026 1878 2066 Ἃ
1913 2027 2109 2080 ἑωράκασιν
2139 2031 2172 2068 οἱ
2205 2029 2379 2083 ὀφθαλμοὶ

1349 2096 1450 2145 ἡμῶν
1466 2109 1474 2117 ·
1492 2093 1514 2132 ἃ
1530 2095 1566 2131 αἱ
1581 2099 1695 2146 χεῖρες
1710 2097 1811 2144 ἡμῶν
1829 2093 2078 2145 ἐψηλάφησαν.
2096 2093 2195 2145 ”Ορα
2211 2094 2248 2132 δὲ
2262 2095 2379 2132 αὐτῶν

1350 2162 1390 2198 ἐκ
1422 2160 1614 2212 προοιμίων
1649 2162 1834 2198 κάντεῦθεν
1866 2160 1930 2207 τὴν
1963 2160 2091 2211 ἀρετήν
2107 2176 2115 2184 ·
2139 2163 2293 2199 τοσαῦτα
2320 2160 2380 2199 καὶ

1350 2228 1546 2274 τηλικαῦτα
1575 2226 1743 2270 παθόντες
1775 2226 1870 2265 δεινὰ
1903 2227 1960 2264 διὰ
1985 2227 2042 2264 τὸν
2073 2227 2179 2274 Θεὸν,
2211 2227 2378 2279 πατρίδος

1351 2295 1555 2338 ἐκπεσόντες
1570 2324 1579 2341 ,
1600 2294 1794 2346 ἐλευθερίας
1810 2322 1820 2339 ,
1847 2294 2017 2337 κινδύνοις
2047 2294 2353 2346 περιπεπτωκότες
2371 2325 2380 2342 ,

1352 2364 1452 2402 ἄλλοι
1470 2363 1505 2401 δὲ
1523 2362 1581 2400 καὶ
1601 2362 1750 2414 φυγάδες
1768 2361 1946 2414 γενόμενοι
1963 2392 1972 2410 ,
1995 2361 2039 2399 τὰ
2058 2362 2123 2414 ὄρη
2141 2362 2200 2400 καὶ
2219 2360 2282 2407 τὰς
2302 2363 2383 2414 ἐρη-

1353 2433 1433 2483 μίας
1450 2431 1652 2474 διώκοντες,
1672 2429 1770 2467 οὐδὲν
1790 2430 1922 2468 τούτων
1942 2429 2026 2482 φασὶ
2047 2429 2153 2477 τέως,
2178 2430 2233 2469 ὅτι
2251 2429 2292 2468 τὸ
2322 2427 2381 2467 καὶ

1352 2499 1390 2538 τὸ
1417 2499 1591 2549 ἐπάθομεν
1611 2497 1667 2535 διὰ
1693 2496 1730 2534 σὲ
1746 2525 1755 2541 ,
1777 2497 1951 2548 βοήθησον
1970 2501 2075 2548 ἡμῖν·
2097 2498 2174 2535 ἀλλ’
2193 2499 2241 2541 ὡς
2259 2495 2384 2550 [pagam

1352 2569 1421 2605 τῶν
1437 2567 1678 2617 δικαιολογιῶν
1697 2564 1841 2612 τούτων,
1872 2564 1931 2603 καὶ
1949 2567 2011 2603 οὐκ
2033 2565 2171 2617 ἔχοντες
2191 2563 2227 2609 ἐξ
2246 2561 2384 2604 οἰκείων

1358 2632 1640 2686 κατορθωμάτων
1660 2632 1872 2683 παρρησίαν,
1893 2631 2001 2674 οὕτως
2028 2633 2076 2676 εἷς
2101 2630 2144 2670 τὰ
2162 2636 2233 2675 τοῖς
2252 2629 2383 2683 προγό-

1355 2717 1424 2745 νοις
1438 2699 1647 2752 ὑπηργμένα
1663 2697 1760 2751 παρὰ
1777 2702 1836 2736 τοῦ
1855 2701 1949 2736 Ηεοῦ
1970 2698 2239 2751 καταφεύγουσι.
2255 2697 2309 2736 Τὸ
2322 2695 2385 2747 μὲν

1355 2767 1422 2820 γὰρ
1459 2766 1537 2810 τοὺς
1556 2767 1619 2805 οὐκ
1644 2766 1787 2818 ἔχοντας
1807 2765 2007 2817 παρρησίαν
2026 2769 2137 2803 ταῦτα
2155 2767 2280 2812 ποιεῖν,
2299 2766 2384 2801 θαυ-

1359 2835 1492 2887 μαστὸν
1505 2833 1689 2879 οὖδὲν,τῆς
1706 2832 1863 2882 ἀνάγκης
1882 2831 2004 2875 αὐτοὺς
2021 2834 2067 2874 εἰς
2082 2835 2184 2869 τοῦτο
2197 2829 2365 2876 ἰλκούσης
2380 2846 2385 2851 ·

1358 2903 1398 2942 τὸ
1428 2902 1462 2941 δὲ
1496 2900 1644 2944 ἐκείνους
1672 2897 1754 2943 τοὺς
1788 2898 1997 2950 δυναμένους
2021 2898 2159 2950 μεγάλα
2179 2896 2388 2951 φθέγξασθαι

1363 2970 1434 3009 ἀπὸ
1467 2971 1538 3007 τῶν
1572 2969 1704 3006 ἑαυτῶν
1740 2965 2038 3018 κατορθωμάτων,
2073 2964 2122 3015 μὴ
2156 2963 2226 3003 ἀπὸ
2258 2963 2389 3002 τούτοιν

1360 3039 1475 3084 ἀξιοῦν
1502 3037 1692 3083 σώζεσθαι,
1722 3036 1800 3073 ἀλλ’
1820 3033 1890 3071 ἀπὸ
1909 3035 1971 3079 τῆς
1996 3037 2056 3071 τοῦΙ
2075 3034 2172 3070 Θεοῦ
2193 3033 2388 3084 φιλανθρω-

1361 3107 1461 3152 πίας,
1481 3099 1522 3152 ἦς
1541 3104 1600 3143 καὶ
1626 3104 1658 3142 ot
1688 3101 1835 3155 πατέρες
1854 3101 2070 3146 ἀπέλαυσαν,
2091 3099 2194 3138 τοῦτό
2224 3100 2299 3138 ἐστι
2327 3100 2389 3144 τῆς

1361 3177 1494 3220 πολλῆς
1509 3169 1826 3223 ταπεινοφροσύνης
1847 3169 1961 3206 αὐτῶν
1976 3172 2120 3218 σημεῖον
2132 3182 2139 3189 ·
2154 3167 2192 3205 οὐ
2208 3163 2336 3217 μικρὸν
2353 3163 2388 3203 δὲ

1362 3244 1545 3281 κάντεῦθεν
1563 3241 1696 3279 ἑαυτοῖς
1716 3234 1909 3286 προθυμίας
1929 3232 2248 3277 κατασκευάζουσιν
2266 3229 2387 3269 {0860}-

382 3384 390 3394 ·
417 3373 533 3414 [Goth
551 3380 581 3402 et
599 3371 686 3403 savit
719 3371 750 3402 in
767 3376 856 3401 textu
875 3383 906 3401 ω
922 3369 1031 3410 aserim
1051 3366 1139 3398 πιπλ.
1160 3361 1209 3394 ld.
1231 3362 1264 3393 iu
1282 3370 1384 3400 uuit-g.
1404 3371 1481 3391 ωπω
1503 3371 1546 3397 ⁷3:
1569 3352 1674 3388 τισὶ-1
