2430 3721
303 189 392 250 174
730 199 769 228 s.

290 286 492 338 potestatis
517 290 609 321 sunt
619 283 842 333 participes,
859 279 981 318 multo
997 278 1119 330 magis
1147 290 1217 315 nos
1239 292 1250 314 .-

296 360 344 386 ex
374 357 534 400 persona:
566 341 770 381 differentia
815 354 852 378 se
889 338 971 392 plus
996 337 1092 389 juris
1122 336 1254 375 babere

297 405 494 446 ostendens.
522 403 568 442 Et
587 416 711 442 rursus
737 400 895 440 scribens
921 398 968 438 ad
994 398 1251 446 Philemonem,

294 467 437 507 dicebat
464 482 472 503 :
504 467 603 518 Quia
625 466 778 501 viscera
804 469 1027 500 sanctorum
1052 461 1251 513 requieve-

296 537 388 568 runt
411 541 480 579 per
508 535 558 572 te,
572 526 742 578 frater.-
770 530 926 574 propter
956 522 1063 574 quod
1087 520 1251 559 multam

282 590 480 642 fiduciam
495 588 642 624 liabens
665 586 705 622 in
728 583 882 623 Christo
907 584 1005 622 Jesu
1036 582 1254 633 imperandi

298 652 369 688 tibi
382 649 488 702 quod
502 649 555 686 ad
573 660 651 684 rem
669 646 849 697 pertinet,
872 651 1030 696 propter
1049 645 1252 680 caritatem

296 713 420 763 magis
452 711 622 748 obsecro.
653 706 723 745 Hic
755 713 806 743 est
836 718 883 743 ex
907 717 1008 755 aequo
1033 703 1251 755 exemplum.

296 769 452 819 Quando
469 769 565 808 enim
592 768 730 822 primus
755 765 862 804 suerit
881 765 941 816 qui
974 764 1121 816 accepit,
1143 763 1251 801 veluti

297 831 493 885 quamdam
512 829 667 869 secundo
678 829 827 881 januam
854 826 982 879 aperit,
1007 825 1035 862 si
1054 824 1183 862 similis
1207 823 1253 861 sit

297 894 359 946 qui
378 902 430 932 est
448 893 637 946 petiturus,
663 889 720 928 vel
752 888 781 926 si
801 886 924 925 eadem
951 894 1057 938 petat.
1087 885 1166 922 Pion
1198 897 1254 921 so·

297 955 374 994 lum
401 963 520 993 autem
537 968 583 991 ex
612 952 667 999 iis,
686 964 764 1001 quae
782 949 864 986 aliis
891 946 973 985 data
1007 954 1102 992 sunt,
1121 943 1182 982 sed
1209 957 1256 981 ex

298 1016 341 1054 iis
359 1016 462 1054 etiam
481 1028 559 1065 quae
582 1013 618 1050 in
639 1026 703 1048 nos
722 1010 816 1062 ipsos
834 1016 935 1045 antea
957 1006 1086 1044 collata
1103 1013 1198 1052 suut,
1215 1003 1256 1042 fit

298 1091 388 1129 saepe
401 1074 519 1113 valida
537 1070 749 1126 postulatio:
765 1067 863 1120 quod
891 1067 999 1105 etiam
1017 1065 1099 1104 secit
1121 1063 1255 1103 Paulus

97 1150 233 1188 Philipp.
251 1150 285 1187 4.
298 1137 456 1177 scribens
475 1135 521 1174 ad
552 1133 811 1185 Philippenses,
830 1138 863 1168 et
888 1128 1010 1167 dicens
1029 1142 1038 1164 :
1063 1127 1256 1178 Quoniam

101 1191 146 1219 ’δ’
299 1208 335 1239 et
363 1198 680 1237 Thessalonicam
698 1192 818 1232 semel
830 1199 867 1229 et
883 1193 1023 1229 iterum
1039 1189 1148 1242 quod
1162 1189 1258 1225 milii

299 1262 584 1316 usuisulurum
606 1265 690 1295 erat
710 1255 881 1292 misistis.
904 1250 950 1290 Et
970 1250 1049 1290 idco
1067 1248 1172 1288 multi
1195 1248 1257 1300 qui

300 1322 424 1361 multis
454 1320 589 1359 donant
616 1318 685 1356 boc
725 1314 963 1369 praecipiunt‚
1002 1326 1046 1351 ne
1072 1311 1110 1349 id
1138 1309 1258 1348 dicant

300 1383 405 1422 aliis:
431 1397 474 1421 nc
506 1383 541 1419 in
567 1394 679 1418 unum
719 1379 809 1415 sacta
832 1375 970 1427 gratia,
1003 1373 1035 1411 ei
1062 1371 1124 1424 qui
1145 1370 1258 1419 dedit,

301 1446 433 1484 multos
451 1444 618 1497 petitores
636 1441 789 1488 excitet,
810 1446 932 1490 utpote
957 1449 1038 1475 cum
1058 1448 1126 1473 non
1149 1433 1260 1487 possit

301 1506 567 1557 subterfugium
588 1502 746 1542 invenire
758 1499 819 1552 qui
839 1498 951 1543 dedit.
970 1512 1041 1549 quo
1064 1495 1182 1534 minus
1200 1494 1259 1532 det

301 1569 394 1607 aliis.
417 1567 463 1606 Et
493 1567 558 1604 boc
572 1563 717 1616 quidem
735 1561 861 1600 merito
877 1559 1005 1612 jubent
1025 1557 1198 1601 homines,
1221 1564 1259 1593 ut

302 1630 364 1682 qui
382 1627 502 1666 dando
535 1627 624 1664 fiant
645 1623 872 1678 pauperiores
895 1636 903 1657 z
925 1621 1023 1658 Deus
1041 1628 1159 1656 autem
1179 1631 1260 1655 con-

303 1699 356 1730 tra
377 1689 546 1743 prmdieat
566 1696 601 1725 et
629 1684 828 1739 proclamat
859 1696 900 1720 ea
929 1695 1008 1732 quae
1029 1679 1091 1718 dat
1111 1679 1205 1727 aliis,
1222 1687 1261 1716 ut

303 1752 384 1790 aliis
411 1751 519 1790 etiam
548 1748 702 1802 praebeat
728 1743 949 1784 occasionem
984 1755 1110 1780 rursus
1141 1740 1188 1778 ab
1221 1754 1262 1778 eo

303 1811 457 1865 petendi.
478 1809 605 1850 Dando
623 1807 719 1846 enim
746 1806 897 1857 majores
917 1804 994 1856 ejus
1026 1800 1263 1840 ostenduntur

104 1891 192 1920 Rom.
220 1899 266 1919 10,
303 1872 451 1912 divitiae.
474 1871 522 1910 Et
550 1869 629 1908 ideo
652 1867 739 1905 dicit
775 1865 939 1904 Paulus:
964 1865 1040 1915 Qui
1066 1864 1174 1901 dives
1205 1871 1263 1901 est

107 1942 152 1962 ¹²·
304 1937 346 1972 in
365 1946 510 1978 omnes,
539 1941 575 1970 et
599 1942 713 1982 super
737 1939 870 1966 omnes
901 1928 1129 1964 invocantes
1157 1938 1259 1963 eum.

304 1994 442 2035 Vidisti
469 2006 599 2032 novam
622 1987 816 2042 quamdam
835 1996 999 2025 naturam
1019 1984 1264 2024 divitiarum?

305 2055 398 2095 Eam
414 2064 452 2093 tu
464 2067 603 2106 quoquc
618 2051 759 2089 imitare
775 2046 1089 2100 magnificentiam.
1110 2045 1265 2093 Quando

305 2115 401 2155 enim
419 2129 503 2167 opes
519 2112 690 2166 repositas
709 2108 958 2158 consumseris,
973 2117 1058 2146 tunc
1072 2107 1167 2160 ipsas
1185 2121 1264 2145 ma-

307 2177 362 2229 gis
379 2175 552 2227 augebis:
572 2173 602 2211 si
626 2181 746 2210 autem
766 2169 950 2217 infuderis,
975 2167 1070 2221 ipsas
1090 2177 1175 2206 tunc
1193 2182 1266 2206 ma-

308 2238 363 2290 gis
383 2237 573 2276 diminues.
591 2234 638 2274 Et
656 2231 745 2285 quid
775 2231 906 2270 mirum
925 2231 954 2268 si
981 2230 1049 2268 boc
1075 2229 1204 2268 accidit
1230 2230 1265 2268 in

310 2298 569 2352 spiritualibus,
591 2309 674 2334 eum
690 2294 758 2332 hoc
784 2293 848 2331 fiat
861 2292 967 2330 etiam
983 2291 1018 2329 in
1032 2290 1235 2329 camalibus
1249 2292 1266 2327 ἰ’

309 2361 348 2399 Si
371 2359 451 2412 quis
480 2358 575 2397 enim
595 2365 734 2410 propter
764 2353 1021 2407 parcimoniam
1048 2353 1267 2390 frumentum

309 2422 407 2460 domi
422 2421 531 2459 situm
555 2432 622 2457 non
643 2414 890 2463 consumserit,
916 2427 981 2452 nec
1012 2413 1048 2452 in
1071 2423 1200 2452 terram
1215 2414 1267 2466 je-

311 2483 410 2529 cerit,
431 2481 468 2519 id
498 2478 682 2518 vermibus
713 2475 941 2514 exedendum
974 2474 1085 2513 tradit
1107 2489 1115 2510 :
1135 2474 1188 2512 sin
1207 2488 1269 2511 au-

312 2555 382 2583 tem
400 2540 619 2595 disperserit,
634 2539 807 2591 majorem
828 2550 979 2575 messem
1006 2535 1160 2585 colliget.

365 2606 401 2643 5.
423 2602 555 2641 Audite
570 2607 743 2652 quotquot
772 2597 857 2636 estis
879 2596 972 2635 tardi
1001 2595 1048 2634 ad
1079 2596 1272 2648 eleemosy-

313 2681 406 2706 nam.
425 2664 554 2704 Audite
575 2662 636 2714 qui
664 2659 767 2700 vobis
793 2658 940 2698 divitias
966 2656 1140 2697 servando
1167 2656 1274 2695 ‹limi-

315 2728 435 2767 nuitis.
471 2725 601 2764 Audite
629 2722 691 2775 qui
720 2721 834 2759 nihilo
869 2720 998 2759 melius
1031 2718 1149 2757 ass'ceti
1177 2718 1274 2766 estis,

316 2804 425 2841 quam
457 2787 519 2839 qui
552 2794 634 2824 sunt
662 2785 698 2822 in
733 2782 880 2822 somniis
910 2781 1054 2819 divites.
1085 2783 1175 2828 Quae
1193 2789 1275 2818 sunt

319 2850 413 2889 enim
444 2846 640 2902 praesentia‚
669 2853 752 2883 sunt
782 2842 919 2881 somnio
953 2842 1066 2879 nihilo
1098 2841 1274 2889 meliora;

320 2913 382 2950 sal
394 2906 697 2963 quemadmodum
716 2904 778 2956 qui
801 2903 835 2942 in
865 2902 1012 2940 somniis
1027 2902 1094 2940 sibi
1111 2901 1278 2940 ridentur

321 2974 452 3012 babere
466 2971 645 3024 pecunias,
660 2969 742 3006 licet
761 2965 892 3004 suerint
912 2964 1015 3014 regim
1044 2979 1136 3014 garae
1162 2963 1277 3002 ‹lomi-

97 410 226 438 Philam.

99 449 219 492 v.7.8.

323 3035 372 3082 ni,
400 3048 482 3071 cum
500 3032 576 3069 dies
602 3027 782 3077 illuxerit,
811 3035 894 3065 sunt
914 3025 1075 3064 omnium
1097 3025 1279 3078 p.·iup‹·rri-
1319 3035 1326 3045 “

324 3097 371 3135 mi
392 3111 399 3132 :
419 3096 464 3134 ila
491 3094 597 3131 etiam
624 3092 658 3130 iu
680 3090 753 3128 vita
784 3087 957 3142 praesenti,
977 3087 1038 3139 qui
1072 3087 1161 3125 nihil
1192 3087 1279 3126 illuc

325 3159 461 3196 auferre
477 3154 644 3209 potuerit,
661 3161 711 3189 est
730 3150 889 3189 omnium
923 3147 1184 3201 pauperrimus,
1199 3148 1280 3187 licet

326 3218 442 3257 omnia
464 3214 676 3270 p‹›ss‹·‹l=u·it;
700 3213 734 3251 in
760 3210 906 3249 somniis
924 3209 1018 3247 enim
1044 3209 1160 3247 solum
1180 3209 1281 3248 (lives

328 3281 405 3317 suit.
427 3278 463 3316 Si
492 3277 581 3316 velis
597 3290 680 3324 ergo
698 3273 785 3312 nulii
807 3270 988 3310 ostendere
1005 3269 1170 3311 divitem,
1197 3279 1280 3308 tum?

329 3341 415 3378 mihi
430 3338 572 3377 ostende
589 3336 732 3389 quamlo
741 3333 932 3372 fueritdies
945 3362 956 3382 ‚
971 3330 1114 3384 quando
1129 3331 1164 3369 in
1181 3332 1279 3370 illam

329 3401 477 3454 putri-”uu
509 3398 772 3437 recessi-riuum:
806 3402 1032 3432 iuuu·.‘1ut‹·1n
1059 3408 1125 3431 nou
1160 3403 1280 3444 potero

807 195 995 228 JOANNJS
1029 193 1276 225 cimYSOS‘r.
1316 193 1523 224 Aacmm‘.
1561 191 1923 224 CONSTANTINOP-

1330 277 1421 330 ἔχων
1438 276 1641 316 ἐπιτάσσειν
1660 291 1715 315 σοι
1733 277 1773 315 τὸ
1789 276 1930 322 ἀνῆκον,
1946 273 2005 312 διὰ
2018 273 2084 320 τὴν
2103 274 2244 325 ἀγάπην
2263 277 2350 326 μᾶλ-

1329 340 1390 377 λον
1405 338 1616 391 παρακαλῶ.
1637 337 1812 401 ’F’affln
1832 337 1872 374 ἐκ
1888 338 1949 373 τοῦ
1968 335 2044 374 ἴσου
2059 334 2099 373 τὸ
2112 335 2352 388 παράδειγμα.

1330 399 1447 439 σΟταν
1474 398 1542 451 γὰρ
1566 401 1703 451 πρῶτος
1729 392 1752 450 ᾖ
1780 413 1832 441 τις
1862 395 2035 449 εἰληφὼς,
2061 396 2182 449 ὥσπερ
2201 395 2280 435 τινὰ
2305 399 2356 447 τῷ

1331 461 1482 514 δευτέρῳ
1511 460 1617 512 Ούραν
1651 459 1868 510 ἀνοίγνυσιν,
1897 458 1939 495 ἂν
1969 452 1992 509 ἦ
2024 456 2142 509 ὅμοιος
2174 461 2193 496 ὁ
2218 456 2358 508 μέλλων

1332 524 1457 569 αἰτεῖν,
1478 520 1502 567 ἢ
1522 520 1566 558 τὰ
1585 519 1674 558 αὐτὰ
1691 519 1819 565 αἰτοίη.
1835 520 1889 557 Οὐ
1907 517 2012 569 μόνον
2030 517 2067 556 δὲ
2087 519 2126 557 ἐκ
2141 519 2211 556 τῶν
2230 516 2359 570 ἑτέροις

1333 582 1547 633 δεδομένων,
1571 581 1660 619 ἀλλὰ
1684 581 1743 618 καὶ
1759 581 1798 618 ἐκ
1817 581 1885 618 τῶν
1905 582 1991 630 ἡμῖν
2015 581 2132 622 αὐτοῖς
2155 578 2223 625 ἤδη
2242 579 2360 630 ὓπαρ-

1333 642 1462 688 ξοίντων
1481 646 1503 690 ἡ
1521 642 1742 694 παράκλησις
1760 640 1930 684 πολλάκις
1950 639 2078 693 ἰσχυρὰ
2096 637 2282 692 γίνεται·ὃ
2301 637 2362 677 καὶ

1332 706 1473 748 Παῦλος
1489 705 1599 743 ἐποίει
1618 702 1876 751 (Ιιιλιππησίοις
1893 702 2036 755 γράφων
2054 701 2115 740 καὶ
2125 700 2237 752 λέγων
2251 715 2260 724 ·
2272 698 2364 739 Ὅτι

1332 766 1392 804 καὶ
1421 768 1457 804 ἐν
1490 765 1735 817 Θεσσαλονίκῃ
1767 764 1827 803 καὶ
1856 763 1949 808 ἅπαξ
1979 763 2039 802 καὶ
2068 763 2119 807 δὶς
2147 761 2192 801 τὰ
2222 763 2271 806 εἶς
2298 760 2362 809 τὴν

1332 828 1453 880 χρείαν
1472 843 1530 878 μοι
1550 827 1748 879 ἐπέμψατε.
1768 828 1836 865 Διά
1861 841 1915 864 τοι
1942 829 2045 864 τοῦτο
2071 824 2195 863 πολλοὶ
2220 824 2363 866 πολλοῖς

1333 888 1484 931 διδόντες
1504 891 1607 926 τοῦτο
1625 891 1870 941 παρεγγυῶσι,
1891 887 1940 939 μὴ
1962 887 2109 932 ἐξειπεῖν
2134 885 2285 937 ἑτέροις,
2306 883 2363 923 ἴνα

1334 949 1384 999 μὴ
1403 953 1425 996 ἡ
1446 951 1493 992 εἷς
1513 950 1572 989 τὸν
1590 950 1651 988 ἕνα
1667 950 1836 1001 γενομένη
1851 950 1953 1003 χάρις
1971 947 2120 991 πολλοὺς
2135 946 2300 1000 ἐπεγείρῃ
2311 948 2364 999 τῷ

1334 1010 1501 1048 δεδωκότι
1518 1008 1598 1053 τοὺς
1617 1011 1811 1056 αἰτοῦντας,
1830 1010 1951 1062 ὥσπερ
1973 1005 2030 1048 οὖν
2057 1012 2120 1048 οὐκ
2140 1009 2280 1062 ἔχοντος
2297 1023 2364 1046 κα·

1334 1075 1502 1122 ταφυγεῖν
1524 1070 1572 1113 εἷς
1586 1085 1665 1108 τινα
1685 1070 1911 1123 ἀναχώρησιν
1927 1075 1986 1109 τοῦ
2008 1071 2124 1113 δόντος
2137 1069 2229 1115 ἅπαξ
2240 1099 2250 1112 .
2266 1070 2298 1106 εἰ
2312 1067 2363 1119 μὴ

1336 1131 1395 1168 καὶ
1415 1131 1545 1183 ἑτέροις
1565 1130 1654 1177 δοίη.
1676 1130 1767 1170 Ἀλλ’
1789 1133 1965 1184 ἅνθρωποι
1983 1131 2047 1182 μὲν
2067 1131 2228 1176 εἰκότως,
2245 1130 2305 1168 ἅτε
2325 1130 2365 1167 ἐκ

1334 1195 1396 1230 τοῦ
1417 1191 1548 1230 διδόναι
1568 1191 1750 1243 γενόμενοι
1777 1192 1998 1244 πενέστεροι,
2017 1195 2120 1230 τοῦτο
2142 1191 2342 1230 κελεύωσιν
2357 1206 2364 1213 ·

1301 1286 1307 1295 ,
1335 1256 1353 1291 ὁ
1375 1253 1411 1292 δὲ
1440 1254 1531 1297 Θεὸς
1559 1253 1758 1292 τούναντίον
1791 1253 1851 1292 καὶ
1881 1252 2114 1305 ἀνακηρύττει
2144 1252 2206 1292 καὶ
2227 1255 2293 1305 βοᾷ
2321 1251 2366 1289 τὰ

1336 1315 1466 1368 ἑτέροις
1486 1315 1670 1366 διδόμενα,
1699 1317 1746 1359 εἷς
1772 1315 1812 1353 τὸ
1830 1314 1890 1353 καὶ
1916 1315 2045 1367 ἑτέροις
2064 1319 2262 1367 παρασχεῖν
2280 1312 2367 1365 πρό-

1335 1394 1441 1431 φασιν
1473 1380 1534 1415 τοῦ
1568 1377 1675 1415 πάλιν
1709 1377 1812 1415 αὐτὸν
1849 1379 2005 1423 αἰτῆσαι.
2036 1378 2100 1430 Τῷ
2134 1375 2202 1429 γὰρ
2236 1375 2367 1414 διδόναι

1336 1440 1463 1490 μείζων
1496 1440 1602 1477 αὐτοῦ
1637 1441 1656 1477 ὁ
1688 1440 1837 1482 πλοῦτος
1882 1438 2070 1479 δείκνυται.
2108 1437 2172 1476 Διό
2209 1452 2315 1490 φησιν
2349 1439 2368 1475 ὁ

1337 1501 1498 1544 Παῦλος·
1521 1499 1567 1539 ‘0
1595 1501 1756 1538 πλουτῶν
1786 1503 1834 1544 εἷς
1863 1501 2018 1548 πάντας,
2055 1500 2114 1539 καὶ
2147 1499 2206 1538 ἐπὶ
2233 1498 2368 1542 πάντας

1337 1561 1416 1604 τοὺς
1435 1561 1729 1613 ἐπικαλουμένους
1751 1561 1866 1600 αὐτόν.
1889 1555 1990 1605 Εἶδες
2009 1561 2132 1608 καινήν
2159 1577 2238 1599 τινα
2266 1561 2369 1613 φύσιν

1339 1623 1490 1662 πλούτου
1504 1641 1512 1670 ;
1532 1623 1678 1671 Ταύτην
1693 1623 1808 1662 καὶσὺ
1823 1627 1932 1674 μιμοῦ
1947 1623 2011 1670 τὴν
2025 1624 2238 1676 φιλοτιμίαν.
2256 1622 2370 1662 Ὅταν

1338 1683 1406 1736 γὰρ
1424 1684 1606 1736 ἀναλώσῃς
1622 1685 1680 1723 τὸν
1699 1685 1929 1735 ἀποκείμενον
1956 1685 2123 1731 πλοῦτον,
2139 1684 2218 1722 τότε
2235 1684 2370 1735 μᾶλλον

1340 1745 1442 1784 αὐτὸν
1464 1744 1626 1791 αὐξήσεις
1641 1761 1648 1769 ·
1667 1745 1706 1783 ἂν
1727 1745 1763 1783 δὲ
1785 1744 1999 1797 κατορύξῃς,
2016 1745 2093 1783 τότε
2111 1746 2245 1796 μᾶλλον
2259 1744 2370 1792 ἠλάτ-

1338 1821 1469 1850 τωσας.
1494 1806 1563 1844 Καὶ
1582 1806 1616 1844 τί
1644 1806 1869 1858 θαυμαστὸν,
1889 1808 1919 1844 εἰ
1948 1806 2007 1843 ἐπὶ
2026 1808 2096 1844 τῶν
2123 1807 2370 1857 πνευματικῶν

1340 1871 1442 1906 τοῦτο
1459 1867 1658 1918 συμδαίνει,
1677 1869 1763 1906 ὅπου
1781 1882 1821 1918 γε
1842 1866 1902 1905 καὶ
1920 1866 1979 1905 ἐπὶ
1998 1869 2066 1905 τῶν
2087 1869 2265 1920 σαρκικῶν
2280 1865 2372 1905 οὕτω

1340 1928 1495 1981 γίνεται;
1517 1928 1587 1967 Καὶ
1604 1927 1672 1980 γὰρ
1701 1927 1742 1965 ἂν
1768 1926 1969 1981 φειδόμενός
1994 1943 2046 1972 τις
2074 1928 2132 1967 τὸν
2161 1933 2257 1967 σῖτον
2285 1927 2373 1967 οἶκοι

1342 1990 1501 2042 κείμενον
1517 1989 1567 2041 μὴ
1587 1988 1789 2040 δαπανήσῃ,
1806 1990 1896 2040 μηδὲ
1914 1991 1964 2034 εἷς
1977 1989 2039 2034 τὰς
2058 1988 2208 2043 ἀρούρας
2224 1987 2372 2040 ἐκὸάλῃ,

1343 2054 1394 2104 τῷ
1414 2051 1564 2103 στόματι
1583 2053 1651 2090 τῶν
1682 2052 1875 2098 σκωλήκων
1896 2052 1998 2090 αὐτὸν
2019 2052 2238 2104 παρέδωκεν·
2268 2049 2309 2088 ἂν
2337 2050 2373 2088 δὲ

1344 2113 1531 2166 σκορπίσῃ,
1551 2113 1695 2153 πλείονα
1713 2114 1772 2152 τὸν
1789 2113 1925 2164 ἀμητὸν
1943 2115 2139 2166 ἐργάζεται.

1403 2585 1590 2625 Ἀκούσατε
1609 2585 1682 2626 ὅσοι
1699 2588 1785 2641 πρὸς
1809 2589 1873 2637 τὴν
1899 2592 2139 2643 ἐλεημοσύνην
2165 2593 2245 2633 ἐστὲ
2277 2596 2381 2641 ὀκνη-

1354 2649 1416 2702 ροί,
1438 2647 1624 2687 Ἀκούσατε
1652 2651 1683 2688 οἱ
1714 2651 1772 2688 τὸν
1802 2654 1952 2691 πλοῦτον
1981 2656 2064 2705 ὑμῖν
2091 2656 2315 2701 ἐλαττοῦντες
2336 2660 2381 2704 τῆ

1352 2712 1504 2764 φυλακῇ.
1537 2709 1724 2750 Ἀκούσατε
1752 2714 1784 2751 οἱ
1813 2716 1882 2751 τῶν
1909 2715 1992 2768 ὄναρ
2022 2718 2264 2757 πλουτούντων
2284 2701 2383 2759 οὐδὲν

1354 2773 1566 2823 διακείμενοι
1585 2773 1737 2823 ἄμεινον.
1762 2774 1962 2828 Ὀνείρατος
1981 2777 2048 2830 γὰρ
2068 2778 2166 2817 οὐδὲν
2180 2779 2322 2830 ἄμεινον
2340 2779 2385 2819 τὰ

1354 2834 1535 2886 παρόντα·
1555 2834 1632 2872 ἀλλ’
1661 2833 1781 2888 ὥσπερ
1803 2839 1833 2875 οἶ
1859 2840 1935 2875 καθ’
1971 2838 2098 2883 ὕπνους
2128 2840 2382 2892 φανταζόμενοι

1354 2897 1524 2949 χρήματα
1551 2895 1645 2949 ἔχειν
1655 2928 1666 2944 ,
1685 2898 1748 2935 κᾶν
1766 2902 1834 2937 τῶν
1853 2899 2021 2951 ταμιείων
2040 2900 2210 2952 γένωνται
2227 2905 2297 2941 τῶν
2320 2906 2384 2955 βα·

1357 2960 1501 2996 σιλικῶν
1525 2957 1657 3010 κύριοι,
1677 2959 1818 2997 πάντων
1849 2961 1915 2999 εἰσὶ
1944 2961 2166 3014 πενέστεροι,
2197 2964 2385 3015 γενομένης

1356 3019 1510 3072 ἡμέρας·
1529 3020 1620 3058 οὕτω
1644 3020 1703 3058 καὶ
1723 3021 1781 3059 ἐπὶ
1810 3027 1871 3060 τοῦ
1892 3023 1967 3074 βίου
1995 3027 2055 3062 τοῦ
2075 3025 2258 3076 παρόντος,
2274 3028 2293 3064 ὁ
2312 3041 2385 3076 μη-

1358 3081 1412 3120 δὲν
1429 3083 1572 3134 ἀγαγεῖν
1589 3084 1660 3121 ἐκεῖ
1683 3084 1837 3131 δυνηθεὶς
1849 3113 1858 3130 ,
1875 3086 2014 3123 πάντων
2034 3085 2133 3125 ἔσται
2159 3087 2385 3140 πενέστερος,

1357 3142 1421 3180 κᾶν
1448 3142 1493 3181 τὰ
1517 3143 1658 3182 πάντων
1685 3139 1960 3197 ᾖκεκτημένος·
1982 3149 2064 3199 ὄναρ
2093 3148 2160 3201 γὰρ
2191 3148 2386 3196 ἐπλούτησε

1358 3208 1475 3261 μόνον.
1499 3206 1539 3243 lii
1559 3205 1672 3243 τοίνυν
1691 3205 1809 3257 βούλει
1827 3223 1887 3258 μοι
1907 3208 2015 3253 δεῖξαι
2034 3210 2091 3247 τὀν
2116 3209 2287 3262 εὔπορον,
2307 3209 2386 3248 τότε

1360 3284 1419 3319 μοι
1440 3265 1569 3313 δεῖξον,
1597 3265 1679 3304 ὅταν
1711 3268 1826 3320 ἡμέρα
1853 3268 2018 3319 γένηται,
2047 3270 2129 3308 ὅταν
2159 3272 2207 3314 εἰς
2225 3270 2290 3318 τὴν
2318 3286 2387 3310 πα-

1361 3331 1459 3382 τρίδα
1481 3329 1688 3380 ἀπέλθωμεν
1716 3330 1851 3377 ἐκείνην
1867 3347 1874 3354 ·
1906 3335 1965 3369 νῦν
1995 3333 2031 3370 δὲ
2063 3334 2125 3371 οὐκ
2146 3333 2309 3385 ἀνέξομαι
2329 3334 2386 3372 τὸν

1362 3393 1525 3431 πλούσιον
1547 3393 1786 3443 διαγινώσκειν
1807 3393 1865 3431 καὶ
1887 3394 1943 3432 τὸν
1966 3394 2110 3439 πένητα.
2130 3395 2184 3433 Οὐ
2206 3395 2273 3446 γάρ
2293 3395 2385 3433 ἐστιν
