2274 3736
1061 202 1284 232 PREFAUO
1295 223 1303 231 .
2179 212 2206 239 V

146 291 334 323 stamento
347 289 478 338 imque
496 298 536 323 se
547 291 764 336 gesserunt.-
786 283 848 320 illi
867 291 903 320 et
919 292 1101 322 naturam
1128 293 1165 322 et
1183 286 1304 336 legem
1333 286 1516 323 habentes
1543 291 1820 327 accusatricem
1838 307 1847 327 .·
1867 291 1907 328 Izi
1923 300 2050 330 autem
2065 303 2205 345 prieter

141 345 229 391 itta,
251 348 368 384 etiam
385 358 540 398 ea‚quae
554 343 712 382 illorum
735 347 864 396 gratia
883 345 1184 398 Christus-fecit.
1209 346 1315 395 Quid
1331 348 1433 383 enim
1446 355 1630 396 poterunt
1648 349 1788 398 dicere,
1806 351 1873 388 vel
1898 366 2014 403 quam
2042 368 2201 393 causam

143 408 290 459 afferre
309 421 428 460 quare
447 420 526 443 non
550 406 781 444 crediderint
795 410 812 442 P
832 406 909 444 Sed
924 420 986 453 ea,
1007 421 1150 458 quoeso,
1183 420 1268 458 qua:
1298 407 1496 455 dicuntur,
1523 411 1726 458 attendite,
1744 419 1786 448 ut
1805 414 1960 463 possitis
1980 427 2049 450 ora
2070 428 2200 454 eorum

142 473 210 518 qui
229 469 513 514 contradicunt,
526 469 734 505 obstruere.
753 467 883 505 Satius
899 475 955 504 est
969 470 1070 504 enim
1090 482 1153 505 eos
1173 481 1197 504 a
1213 469 1321 504 nobis
1338 471 1464 506 victos
1481 483 1586 508 nunc
1602 473 1753 523 corrigi,
1769 486 1887 524 quam
1903 487 1943 511 se
1958 477 2116 512 ‘vincere
2127 491 2198 526 pu—

142 537 282 574 tantes,
299 529 394 566 illuc
411 530 532 575 abire,
550 536 587 565 et
603 530 857 566 condemnari
877 543 902 566 a
921 532 1117 568 communi
1130 530 1160 567 J
1161 529 1273 566 udice
1286 530 1389 566 orbis
1405 538 1527 568 terroe.

192 589 381 627 Auditores
407 589 521 641 magis
540 589 725 640 magisque
744 589 888 637 excitat,
909 604 990 627 cum
1021 589 1201 627 centesimi
1221 589 1304 628 noni
1324 590 1457 628 Psalmi
1478 590 1767 643 Explicationem
1787 594 1838 632 sic
1862 594 2023 633 orditur:
2044 597 2199 634 Exsur-

135 664 286 702 gamus,
308 664 454 702 quaeso,
477 660 514 688 et
528 653 703 688 animum
718 652 990 689 intendamus:
1015 651 1200 689 Psalmus
1218 655 1320 689 enim
1340 653 1388 689 de
1404 653 1634 692 sublimibus
1645 656 1856 694 admodum
1876 660 1988 696 rebus
2000 660 2096 709 agit,
2123 674 2201 696 non

137 714 206 749 uni
224 712 298 750 soli
313 713 463 759 lzoeresi,
485 713 554 750 sed
569 714 692 750 variis
713 721 750 750 et
770 713 810 748 di
817 714 930 750 versis
951 714 1152 750 obsistens.
1171 714 1271 751 Nam
1282 713 1469 752 adversus
1484 716 1515 753 J
1515 715 1660 764 udoeos,
1682 719 1868 757 adversus
1881 720 2055 757 Paulum
2067 721 2200 759 Samo-

134 782 331 821 satenum,
360 775 546 812 adversus
561 774 751 820 Arianos,
774 774 960 811 adversus
985 775 1273 821 Marcionistas,
1288 776 1474 814 adversus
1493 778 1753 827 fisanichoeos,
1772 789 1809 818 et
1826 781 2014 819 adversus
2040 797 2172 821 omnes
2189 813 2198 831 ,

136 838 204 886 qui
234 838 506 873 resurrectioni
546 849 624 873 non
661 837 822 872 credunt
837 866 846 883 ,
882 837 997 873 struit
1031 836 1167 873 aciem.
1215 837 1408 887 Quoniam
1444 852 1533 887 ergo
1568 848 1704 877 contra
1740 850 1795 879 tot
1830 843 2071 885 adversarios
2100 854 2200 882 stru-

135 905 199 934 cta
228 906 284 935 est
312 900 429 942 acies,
467 899 578 934 nobis
597 911 750 949 quoque
778 896 912 934 multis
941 897 1063 935 oculis
1097 911 1191 947 opus
1212 908 1281 946 est,
1305 908 1346 936 ut
1378 914 1464 951 quae
1490 903 1536 938 sit
1565 901 1745 940 luctandi
1776 906 1875 942 ratio
1911 915 2047 943 exacte
2074 909 2199 944 consi-

133 959 270 996 derare
295 961 497 1010 possimus.
524 961 573 996 In
601 960 772 995 externis
792 961 894 995 enim
918 961 1207 1007 certaminibus,
1232 961 1303 997 etsi
1331 961 1469 1012 aliqua
1488 961 1666 999 luctandi
1692 965 1791 1001 ratio
1818 979 1897 1002 non
1924 967 2201 1005 animadversa

122 1019 269 1071 suerit,
288 1021 389 1058 nihil
413 1020 577 1058 laedetur
601 1029 795 1072 spectator
813 1035 822 1056 .·
845 1034 921 1057 non
937 1023 1040 1057 enim
1057 1022 1258 1069 doctrinoe,
1280 1022 1350 1059 secl
1368 1023 1638 1062 delectationis
1658 1028 1786 1076 gratia
1802 1027 1907 1064 illud
1925 1029 2118 1065 theatrum
2136 1043 2201 1066 co-

132 1090 261 1119 actum
277 1090 349 1119 est.
367 1083 445 1119 Hic
461 1090 592 1119 autem
608 1084 684 1119 nisi
702 1090 838 1119 exacte
853 1084 1073 1133 cognoveris
1091 1084 1290 1121 undenam
1309 1085 1560 1123 adversarius
1578 1089 1700 1124 aciem
1719 1102 1831 1126 suam
1848 1094 2028 1136 instruat,
2046 1099 2080 1128 et
2098 1092 2202 1129 unde

133 1156 202 1180 nos
225 1144 532 1196 eumferiamus,
552 1157 629 1180 non
646 1143 730 1180 leve
747 1143 1022 1181 detrimentum
1043 1147 1219 1195 accipies.
1241 1146 1303 1182 Ne
1322 1146 1394 1183 hoc
1413 1160 1502 1196 ergo
1524 1149 1595 1184 tibi
1622 1151 1790 1198 eveniat,
1814 1159 1980 1188 mentem
2003 1159 2110 1190 tuam
2131 1166 2199 1190 ex·

133 1206 224 1252 cita,
247 1213 406 1242 arrecloe
424 1207 493 1242 tibi
509 1207 586 1242 sint
607 1218 731 1242 aures.
755 1205 916 1242 Judoeos
928 1208 1095 1256 primum
1114 1206 1352 1251 invadimus,
1371 1215 1438 1244 etc.

185 1265 232 1303 Et
250 1265 286 1303 in
307 1266 491 1304 Psalmum
510 1265 742 1303 centesimum
762 1264 1015 1303 undecimum:
1035 1266 1178 1304 Vidisti
1196 1281 1281 1304 eum
1299 1270 1366 1318 qui
1384 1269 1550 1319 (edificat
1565 1283 1682 1321 supra
1690 1276 1869 1322 petram?
1890 1274 1995 1324 Quid
2009 1278 2112 1312 enim
2130 1290 2199 1327 po-

133 1336 203 1366 test
223 1330 356 1365 timere
375 1330 443 1380 qui
462 1336 518 1365 est
537 1336 574 1365 et
590 1327 718 1364 nudus
736 1335 773 1364 et
789 1329 999 1372 accinctus,
1014 1328 1244 1379 nullamque
1263 1329 1339 1365 ulli
1358 1331 1505 1380 proebet
1523 1345 1665 1369 ansam
1683 1335 1700 1367 P
1724 1334 1830 1383 Quid
1843 1343 1969 1383 potest
1987 1338 2118 1374 timere
2132 1339 2200 1388 qui

132 1389 248 1425 habet
282 1392 403 1426 Deum
417 1389 641 1426 clementem
653 1395 689 1424 et
704 1389 928 1438 propitium,
943 1390 999 1424 ita
1013 1395 1055 1424 ut
1069 1392 1251 1440 utrinque
1259 1393 1309 1427 sit
1323 1398 1438 1436 tutus,
1455 1399 1492 1428 et
1509 1405 1556 1428 ex
1570 1406 1735 1444 superno
1750 1395 1915 1443 auxilio,
1929 1405 1965 1433 et
1975 1410 2023 1433 ex
2036 1410 2097 1443 ea,
2112 1412 2200 1435 cum

132 1463 210 1502 qua
228 1450 291 1487 hic
309 1450 472 1502 inferius
489 1449 582 1500 agit,
591 1448 813 1500 facilitate,
834 1461 903 1487 nec
924 1449 1140 1500 quidquam
1171 1465 1254 1488 eum
1287 1451 1528 1504 labefactare
1539 1459 1690 1504 poterit,
1711 1470 1789 1493 non
1811 1457 1996 1495 damnum
2010 1461 2199 1509 pecunioe,

132 1525 211 1548 non
223 1513 378 1562 probra,
400 1524 478 1548 non
498 1510 720 1548 calumnioe.
743 1511 880 1563 Neque
901 1513 1003 1548 enim
1023 1511 1139 1549 habet
1160 1514 1201 1548 in
1222 1526 1298 1564 quo
1319 1513 1486 1552 laedatur
1505 1517 1572 1566 qui
1587 1516 1678 1553 hinc
1705 1520 1746 1554 in
1767 1519 1905 1556 caelum
1924 1523 2201 1572 commigrave-

130 1576 194 1622 rit,
215 1578 255 1611 in
270 1576 462 1627 regionem
481 1574 533 1610 ad
546 1586 663 1624 quain
679 1573 817 1611 sceleri
831 1582 868 1611 et
887 1574 1039 1611 insidiis
1058 1574 1192 1611 nullus
1209 1582 1319 1626 patet
1338 1575 1480 1614 aditus.
1500 1577 1618 1621 Nam,
1636 1586 1677 1614 ut
1693 1581 1811 1629 probe
1833 1583 1967 1626 nostis,
1991 1596 2122 1620 omnes
2143 1585 2200 1620 in-

129 1637 238 1674 sidiae
253 1644 448 1688 parantur
464 1636 533 1673 vel
546 1635 738 1686 pecuniis,
759 1636 905 1686 velpro
919 1637 1113 1687 pecuniis,
1133 1644 1168 1673 et
1186 1650 1298 1674 omne
1317 1637 1516 1675 hominum
1530 1640 1701 1676 studium
1722 1643 1760 1676 in
1776 1643 1847 1679 hoc
1863 1645 2032 1694 ponitur.

181 1696 230 1735 Et
247 1697 283 1735 in
308 1697 492 1735 Psalmum
512 1696 745 1734 centesimum
763 1696 945 1734 decimum
971 1697 1184 1749 septimum,
1225 1699 1482 1751 Confitemini
1518 1701 1705 1748 Domino,
1742 1706 1928 1754 quoniam
1950 1706 2086 1753 bonus,
2109 1721 2199 1757 quo-

128 1761 237 1798 niam.
253 1762 295 1796 in
314 1761 498 1798 soeculum
513 1759 776 1797 misericordia
791 1761 889 1811 ejus,
911 1774 946 1811 p.
968 1760 1058 1809 517,
1078 1759 1154 1796 haec
1174 1759 1209 1796 in
1235 1759 1413 1811 principio
1432 1759 1543 1798 dicit:
1569 1762 1727 1800 Dictum
1747 1766 1905 1815 quidem
1921 1767 2074 1804 Psalmi
2095 1768 2200 1818 quod

127 1823 325 1860 consuevit
340 1821 506 1878 populus
524 1823 738 1868 succinere,
760 1822 833 1858 hoc
853 1829 931 1859 est.-
952 1820 1037 1858 Haec
1049 1829 1099 1858 est
1111 1820 1188 1858 dies
1201 1835 1310 1872 quam
1321 1821 1403 1858 fecit
1414 1822 1603 1872 Dominus,
1624 1824 1843 1863 exsultemus
1857 1836 1890 1864 et
1909 1827 2070 1865 laetemur
2086 1828 2122 1865 in
2136 1843 2174 1866 ea
2189 1844 2196 1864 :

127 1885 232 1936 quod
250 1892 285 1921 et
302 1884 444 1921 multos
456 1885 616 1931 excitat,
636 1891 672 1920 et
692 1884 765 1920 hoc
785 1885 954 1920 maxime
969 1883 1239 1934 soletpopulus
1253 1883 1323 1920 illo
1339 1885 1535 1934 spirituali
1550 1893 1587 1922 et
1611 1886 1867 1940 coelestisesto
1883 1891 2081 1927 succinere
2117 1892 2200 1929 Nos

125 1954 269 1992 autem,
292 1948 325 1984 si
343 1959 418 1983 vos
432 1946 556 1982 vultis
579 1959 603 1981 a
620 1949 746 1995 capite
763 1953 799 1982 et
816 1947 863 1982 ab
883 1947 995 1981 initio
1012 1953 1131 1982 totum
1153 1944 1357 1981 Psalmum
1373 1958 1664 1996 persequamur,
1682 1961 1761 1984 non
1777 1963 1802 1986 a
1814 1964 1930 1988 versu
1945 1957 2012 2002 qui
2030 1955 2197 1990 succini-

126 2015 202 2055 tur,
220 2008 289 2045 sed
307 2009 354 2044 ab
369 2009 450 2056 ipso
483 2005 643 2042 erordlo
661 2007 927 2055 expositionen
947 2007 1189 2043 inchoantes.
1211 2004 1373 2042 Versum
1403 2009 1505 2042 enim
1531 2015 1660 2057 patres
1675 2012 1812 2057 nostri,
1831 2020 1871 2048 ut
1887 2015 1954 2062 qui
1973 2022 2068 2051 esset
2082 2028 2195 2051 sono-

123 2081 202 2114 rus,
224 2076 260 2105 et
273 2067 438 2105 sublime
452 2066 618 2118 aliquod
639 2066 781 2116 dogma
800 2068 1028 2112 contineret,
1053 2067 1238 2117 populum
1269 2069 1418 2105 succini
1427 2081 1467 2104 re
1483 2078 1717 2117 sanxerunt,-
1736 2073 2054 2124 quandoquidem
2074 2085 2195 2113 totum

126 2130 327 2167 Psalmum
351 2130 570 2181 ignorabat,
587 2135 630 2164 ut
654 2127 722 2164 vel
741 2128 832 2164 hinc
849 2127 1063 2179 perfectam
1081 2129 1298 2165 doctrinam
1318 2130 1547 2180 acciperent.
1571 2131 1698 2169 Nobis
1715 2142 1844 2171 (uitem
1863 2149 2014 2174 necesse
2037 2146 2091 2175 est
2108 2153 2194 2176 eum

127 2200 245 2229 totum
259 2192 452 2243 persequi.

174 2254 302 2290 Annon
317 2266 400 2290 vere
416 2250 591 2304 populum
611 2249 808 2301 alloquitur
838 2250 1076 2303 Exposifione
1098 2251 1135 2289 in
1160 2252 1345 2290 Psalmum
1366 2254 1599 2293 centesimum
1629 2255 1811 2296 decimum
1843 2273 1995 2309 nonum,
2011 2276 2091 2300 cum
2120 2263 2195 2301 haut

121 2314 230 2352 dicit:
246 2317 310 2352 Ita
327 2316 443 2351 etiam
460 2327 529 2350 nos
548 2321 696 2364 oportet
707 2313 830 2364 affici,
850 2321 886 2349 et
904 2315 1083 2364 quamvis
1103 2314 1167 2350 hic
1183 2318 1320 2366 paucis
1333 2318 1449 2353 annis
1468 2318 1700 2367 vixerimus,
1719 2334 1784 2358 eos
1805 2329 1934 2360 tamen
1952 2325 2097 2362 multos
2114 2339 2195 2363 esse

121 2385 260 2426 putare
276 2383 432 2428 propter
445 2377 667 2427 futurorum
688 2374 922 2412 desiderium
941 2378 958 2410 P
977 2376 1073 2412 Hcec
1092 2377 1179 2413 dico
1199 2390 1278 2413 non
1307 2379 1428 2414 vitam
1448 2389 1674 2428 praesentem
1697 2395 1900 2428 accusans,
1922 2386 2021 2423 absit
2043 2404 2054 2424 .-
2074 2401 2119 2424 ea
2139 2397 2194 2425 est

122 2440 225 2476 enim
250 2451 343 2490 opus
367 2438 439 2475 Dei
463 2453 473 2473 .·
505 2436 573 2474 sed
586 2435 875 2487 adfuturorum
893 2449 1066 2473 amorem
1086 2450 1158 2474 vos
1178 2437 1351 2476 excitans
1372 2448 1408 2476 et
1424 2441 1606 2487 incitans,
1628 2451 1665 2479 et
1686 2457 1734 2479 ne
1747 2446 1787 2480 in
1808 2446 1921 2483 rebus
1940 2451 2192 2496 praesentibus

123 2500 302 2538 lubenter
318 2500 541 2545 versemini,
565 2511 631 2535 nec
655 2498 806 2548 corpori
837 2497 954 2550 affixi
986 2499 1084 2542 sitis,
1116 2510 1187 2535 nec
1215 2500 1271 2535 ita
1298 2499 1553 2552 afficiamini,
1585 2511 1628 2540 ut
1658 2505 1878 2544 nonnullie
1896 2507 2017 2560 vulgo
2051 2512 2192 2548 alfei-ti

121 2564 246 2600 animi
247 2578 265 2611 ;
286 2564 352 2614 qui
369 2564 441 2600 etsi
457 2574 526 2613 per
543 2560 684 2596 multos
703 2572 828 2596 annos
846 2560 1033 2606 vixerint,
1055 2573 1118 2598 eos
1135 2573 1282 2612 paucos
1294 2574 1376 2599 esse
1394 2562 1543 2600 dicunt.
1572 2564 1719 2614 Quibus
1738 2568 1835 2617 quid
1849 2582 1930 2606 esse
1941 2578 2067 2620 potest
2093 2586 2116 2608 a
2133 2586 2191 2609 ru-

123 2627 226 2661 tione
237 2624 436 2662 alienius?

175 2685 222 2722 Et
240 2685 275 2722 in
291 2684 474 2722 psalmum
495 2683 725 2721 centesimum
740 2682 965 2734 trigesimum
985 2683 1178 2735 septimum
1199 2683 1234 2721 in
1256 2683 1330 2721 haec
1350 2686 1473 2731 verba,
1495 2686 1714 2740 Confitebor
1738 2690 1822 2733 tibi,
1845 2690 2028 2739 Domine,
2047 2695 2087 2731 in
2106 2703 2185 2732 toto

122 2749 236 2786 corde
255 2761 352 2794 meo,
375 2746 449 2783 hanc
469 2745 574 2783 habet
599 2761 606 2781 :
631 2746 690 2782 De
710 2746 783 2782 lzoc
800 2745 906 2794 apud
925 2759 998 2782 vos
1020 2759 1120 2795 siepe
1137 2746 1316 2783 disserui.
1343 2747 1551 2796 Quoniam,
1571 2764 1614 2787 eo
1625 2753 1897 2800 prietermissm
1920 2768 1959 2791 v„
1973 2756 2121 2794 niemus
2136 2759 2189 2794 ud

120 2810 174 2856 id,
191 2809 297 2860 quod
310 2816 366 2846 est
380 2810 614 2859 prooeimum.
640 2809 692 2844 An
712 2806 789 2843 lucc
807 2805 880 2843 dici
901 2814 1049 2857 possunt
1070 2820 1138 2842 non
1161 2817 1332 2859 praesente
1351 2818 1441 2846 coetu
1461 2810 1478 2846 '2‘

173 2871 219 2908 Et
234 2870 375 2908 Psalmo
391 2868 875 2919 centesimoqufflragosimo,
898 2881 932 2919 p.
954 2867 1045 2914 426,
1060 2866 1111 2904 sic
1131 2868 1294 2906 orditur:
1320 2872 1451 2921 Hujus
1465 2873 1621 2922 quidem
1643 2874 1658 2908 Ι
1668 2874 1792 2911 'salini
1819 2878 1933 2914 verba
1944 2891 2042 2928 pene
2056 2894 2185 2919 omnes

120 2935 261 2979 sciunt,
278 2942 311 2969 et
325 2946 395 2983 per
409 2946 559 2969 omnem
577 2940 728 2968 [etatem
744 2939 927 2981 perpetuo
949 2938 1097 2967 canunt
1113 2945 1126 2966 .-
1149 2935 1237 2981 quis
1253 2933 1302 2967 sit
1317 2940 1447 2968 (cutem
1466 2946 1600 2970 seusus
1619 2949 1749 2971 corum
1770 2949 1856 2986 quie
1871 2937 1977 2975 dicta
1995 2949 2099 2981 suut,
2120 2956 2185 2976 m·-

119 2996 254 3032 sciunl.
283 2994 396 3044 Quod
411 2993 566 3045 quidem
583 3001 638 3030 cst
653 3005 731 3028 non
746 3005 870 3043 parva
887 2992 1184 3043 reprehensione
1200 2992 1376 3042 dignum,
1399 3007 1462 3030 cos
1479 2997 1547 3043 qui
1562 2997 1734 3044 quotidie
1752 3007 1915 3042 simunt,
1930 3008 1965 3036 e!
1981 3015 2044 3038 ore
2071 3005 2183 3041 pert-,1

117 3057 333 3107 proferunt,
358 3069 435 3092 non
453 3067 623 3106 quoerere
648 3056 729 3090 ‘vim
750 3055 1047 3100 sententiarum,
1069 3067 1155 3104 quie
1176 3055 1218 3090 in
1239 3054 1299 3090 liis
1326 3056 1454 3092 verbis
1478 3057 1560 3092 sitw
1590 3066 1691 3094 suut.
1712 3058 1788 3095 Sed
1806 3061 1837 3096 si
1867 3062 2005 3100 viderit
2028 3066 2180 3114 quidem

119 3119 309 3169 quispiam
331 3131 474 3169 aquam
493 3130 630 3166 purum
647 3124 682 3152 et
700 3116 917 3166 limpidum,
937 3130 1015 3152 uon
1041 3129 1081 3153 se
1109 3116 1275 3152 tenuerit
1295 3116 1390 3165 quin
1408 3116 1462 3152 ad
1481 3130 1563 3152 eum
1587 3119 1762 3166 ‹est-citae,
1781 3129 1931 3171 tangat,
1951 3133 1986 3161 cc
2007 3126 2126 3168 hilma,
2147 3138 2181 3164 μ(

119 3181 185 3229 qui
200 3183 239 3216 in
251 3188 403 3230 'mittum
418 3179 572 3215 assidui·
584 3178 816 3228 ingreditur,
830 3179 904 3214 nisi
919 3177 1091 3214 collectis
1102 3178 1210 3227 prius
1227 3175 1566 3230 aliquotstoriluis,
1586 3181 2181 3226 reu-deri·minime.s·115!1'tieu’1·i't,·

122 3251 193 3274 vos
211 3247 338 3276 autem
357 3240 423 3289 qui
444 3239 491 3275 ab
511 3241 666 3275 ineunte
686 3245 799 3274 (vetite
819 3237 871 3273 ad
889 3244 1099 3273 esti-emam
1122 3250 1243 3287 usque
1258 3247 1488 3276 senectutem
1510 3240 1614 3275 leuni-
1630 3242 1829 3280 I’suluiuiu
1853 3247 2108 3292 tucdituiuim',
2127 3255 2181 3287 ni—

122 3297 179 3334 hit
198 3298 308 3335 aliml
324 3313 441 3349 quain
457 3301 578 3336 verba
596 3306 780 3349 perpetuo
801 3300 950 3344 tenetis,
975 3300 1163 3336 absconso
1185 3299 1366 3336 thesauro
1387 3301 1577 3342 asstrictis,
1599 3304 1841 3354 obsignatam
1864 3321 2085 3347 crumenam
2107 3315 2179 3349 cir-

121 3360 316 3410 cumfertis
341 3389 350 3405 ,
370 3368 403 3397 ct
426 3374 494 3398 nei·
517 3373 540 3396 a
561 3361 786 3397 curiositati·
806 3359 961 3410 quidem
980 3361 1161 3397 incitatus
1180 3368 1233 3396 cst
1254 3363 1443 3410 quispiam
1464 3370 1502 3398 ul
1524 3362 1684 3399 disceret
1703 3367 1799 3414 quid
1813 3376 1866 3404 cst
1886 3371 1992 3420 qumi
2011 3372 2151 3410 ‹lii-itui·
2173 3392 2179 3408 r

122 3437 192 3457 um.
218 3423 408 3472 quiesivit,
429 3436 501 3458 uou
525 3430 715 3459 scrutalus
732 3429 853 3459 cst...
881 3422 1068 3469 Quamvis
1086 3430 1214 3460 tumen
1241 3430 1294 3460 tot
1315 3425 1389 3459 siu!
1413 3424 1591 3464 otu-vura.
1619 3425 1736 3463 velati
1756 3431 1950 3477 quoddam
1974 3438 2183 3474 ‹·..1ui‹-um.
