2430 3721
105 874 286 914 l'wvA'Jss.

108 1493 232 1521 sulm
255 1499 291 1519 tt.

737 175 775 206 S.
812 174 1000 206 JoANMS
1035 171 1277 206 minvsosr.

306 162 392 220 140

300 267 405 307 tatoe;
456 266 577 310 oetque
618 271 756 311 semper
793 258 1083 309 transmigratur,
1116 269 1256 309 semper

300 319 452 372 tempori
471 319 646 368 serviens,
666 328 700 357 et
714 319 880 357 lictorum
903 318 975 356 iras
988 317 1256 370 pertimoeoens,

300 390 333 419 et
364 381 592 433 Imperatoris
623 378 928 431 indignationem,
963 387 997 418 et
1026 377 1256 416 adulatorum

302 441 471 489 iusidias,
501 450 536 479 et
561 440 703 479 fraudes
722 440 941 489 amicorum
972 449 1007 478 et
1032 453 1114 478 cum
1139 438 1257 478 hostoe

301 503 487 550 irruerint,
514 502 594 554 plus
613 515 720 552 quam
731 514 852 539 omnes
864 500 1116 550 contremiscit,
1128 509 1255 539 etcum

300 573 353 602 est
383 577 473 616 pax,
501 562 703 614 suspicatur
731 560 956 600 insidiator&
988 577 997 598 ε
1020 575 1132 613 neque
1160 561 1255 600 enim

303 624 409 662 habet
427 622 576 661 divitias
591 621 796 671 stabiles,et
815 636 894 674 quae
911 622 1042 661 auferri
1066 632 1254 674 noqueunt.

304 686 384 723 ldeo
414 698 552 737 semper
579 683 675 722 volat
709 692 743 722 et
772 684 1024 736 transmigrat,
1051 693 1189 723 montoe
1219 693 1254 723 et
1281 688 1304 719 Β

300 747 437 785 deserta
465 759 695 799 pei-sapiens,
721 759 867 784 versans
894 746 929 784 in
954 746 1123 799 caligine,
1153 754 1187 784 et
1219 745 1256 784 in

303 807 451 846 meridie
497 821 633 846 crassas
682 806 817 844 habens
861 807 1039 854 tenebras,
1086 806 1258 858 dolosque

303 880 452 909 struens.
478 868 548 908 Sed
576 883 646 907 non
685 867 771 907 talis
804 877 855 905 cst
881 869 1012 920 justus.
1041 870 1124 907 Vict-
1153 872 1256 906 enim

299 935 486 984 justorum
501 932 743 983 resplendent
756 935 882 970 instar
898 933 1008 969 lucis.
1024 931 1147 981 Neque
1162 929 1257 967 enim

303 993 452 1031 insidias
478 1006 620 1045 parare,
652 1006 764 1042 neque
793 991 963 1042 injuriam
989 991 1102 1028 facere
1128 989 1258 1028 consti-

304 1062 429 1099 tuunt,
456 1052 518 1090 sed
538 1053 700 1103 quietum
716 1052 849 1089 habent
868 1051 1042 1089 animum.
1061 1050 1119 1088 llli
1137 1059 1258 1088 autem

302 1113 405 1152 dolos
425 1127 564 1165 semper
583 1120 775 1161 struentes,
793 1125 932 1164 semper
950 1119 1033 1149 sunt
1053 1110 1088 1148 in
1112 1119 1207 1148 metu
1224 1119 1259 1148 et

304 1176 339 1214 in
356 1174 511 1213 tenebris
528 1174 622 1212 sicut
644 1173 819 1221 latrones,
839 1186 1024 1211 murorum
1046 1171 1259 1225 perfossores

304 1247 338 1275 et
361 1236 513 1275 adulteri
532 1252 539 1273 :
569 1234 724 1274 interdiu
755 1234 879 1274 vident
907 1234 1087 1282 tenebras,
1110 1247 1193 1272 cum
1215 1233 1260 1273 sit

306 1313 428 1336 mrum
446 1297 565 1336 anima
586 1297 713 1336 timore
730 1296 952 1335 conturbata.
969 1295 1160 1342 Quomodo
1177 1310 1260 1348 ergo

307 1368 455 1412 possunt
493 1358 548 1397 lia:
585 1357 716 1397 discuti
760 1357 942 1396 tenebrat?
974 1357 1014 1396 Si
1054 1366 1088 1396 te
1121 1358 1169 1396 ab
1204 1359 1261 1397 his
1286 1366 1310 1396 C

308 1420 478 1459 omnibus
490 1420 690 1472 sejunxeris
701 1450 711 1468 ,
723 1428 784 1458 eta
800 1419 865 1457 Dei
877 1434 938 1472 spe
953 1418 1179 1472 pependeris,
1195 1421 1261 1459 etsi

309 1483 357 1521 sis
378 1481 510 1520 millies
525 1490 698 1534 peccator.
717 1482 909 1532 Respicite
927 1481 1041 1530 enim,
1059 1481 1174 1532 inquit
1186 1511 1196 1530 ,
1209 1483 1264 1520 ad

308 1546 493 1596 amiquas
512 1546 788 1595 generationes,
810 1553 844 1581 et
863 1543 994 1581 videte
1021 1546 1107 1595 quis
1132 1558 1261 1595 spem·

311 1609 363 1644 νιί
382 1609 423 1643 in
446 1606 672 1652 Dominum,
689 1614 725 1643 et
743 1605 930 1659 confusus
949 1612 1004 1643 est
1017 1608 1034 1641 ?
1051 1605 1131 1643 Non
1150 1605 1262 1655 dixit,

310 1670 437 1707 ,lustus
460 1683 468 1703 :
492 1666 572 1713 sed,
599 1669 719 1717 Qtu's?
743 1666 820 1705 Etsi
843 1666 910 1714 sit,
933 1666 1067 1717 inquit,
1090 1678 1263 1720 peccator.

312 1729 388 1767 lloc
414 1728 510 1767 enim
541 1727 774 1776 admirabile,
799 1727 898 1779 quod
928 1728 1034 1766 etiam
1067 1738 1267 1781 peccatores

311 1804 477 1828 ancoram
516 1790 608 1827 bane
639 1798 817 1837 tenentes,
852 1798 934 1826 sunt
967 1789 1138 1828 omnibus
1169 1790 1267 1830 inex-

313 1851 535 1904 pugnabiles.
566 1850 641 1888 Hoc
673 1858 724 1887 cst
754 1849 848 1887 enim
884 1849 1042 1888 maxime
1077 1850 1113 1888 in
1151 1852 1268 1890 Deum

312 1912 527 1958 affectionis,
549 1909 692 1962 quando
716 1919 768 1949 tot
793 1910 899 1948 malis
917 1924 1106 1963 oppressus
1136 1911 1173 1950 in
1192 1914 1269 1965 ejus

291 1999 297 2006 -
315 1973 532 2024 benignitate
547 1971 713 2010 habuerit
727 1970 910 2010 fiduciam.
931 1971 1033 2010 Sicut
1052 1972 1147 2011 enim
1160 1974 1269 2012 male-

1322 172 1526 206 metune.
1564 174 1704 206 coust
1714 175 1926 206 ΑΝΤΙΝΟΡ.

1326 257 1486 296 κολάκων
1504 259 1709 306 ἕπιὸουλὰς,
1729 259 1788 298 καὶ
1805 259 1912 311 φίλων
1932 258 2050 303 δόλους
2065 274 2072 282 ·
2091 259 2151 297 καὶ
2175 260 2351 310 πολεμίων

1326 318 1558 368 ἐπιστάντων,
1579 322 1715 370 μᾶλλον
1740 322 1880 359 πάντων
1896 319 2017 372 τρέμει
2029 347 2039 365 ,
2058 319 2118 357 καὶ
2137 319 2274 372 εἰρήνης
2300 321 2352 359 οὗ·

1326 394 1409 427 ene,
1425 382 1596 433 ὑφορᾶται
1625 382 1704 426 τοὺς
1725 381 1945 423 ἐπιῧούλους·
1965 382 2003 418 οὗ
2023 379 2091 432 γὰρ
2111 378 2184 432 ἔχει
2202 381 2352 418 πλοῦτον

1326 441 1474 492 μόνιμον
1492 441 1550 479 καὶ
1570 443 1814 495 ἀναφαίρετον.
1837 441 1904 480 Διὰ
1928 444 2030 479 τοῦτο
2055 440 2109 479 ἀεὶ
2128 440 2271 479 πέτεται
2291 433 2351 478 ml

1327 502 1598 552 μιτανίσταται,
1625 503 1687 547 τὰς
1713 503 1863 556 ἐρήμους
1884 502 2020 542 διώκων
2039 502 2098 540 καὶ
2128 501 2171 539 τὰ
2197 503 2285 554 ὄρη,
2315 503 2352 541 ἐν

1325 563 1526 616 σκοτομῆνῃ
1555 564 1704 615 διάγων,
1723 565 1782 603 καὶ
1801 563 1898 617 παχὺ
1919 564 2041 607 σκότος
2075 565 2111 601 ἐν
2145 561 2351 615 μεσημβρία

1327 623 1417 677 μέσῃ
1436 625 1550 677 ἔχων,
1581 627 1640 665 καὶ
1662 626 1781 671 δόλους
1809 628 1964 679 ῥάπτων.
1988 626 2080 665 Ἀλλ’
2101 626 2167 677 οὐχ
2185 627 2203 663 ὁ
2222 624 2353 669 δίκαιος

1326 690 1491 729 τοιοῦτος.
1518 690 1561 726 Αἱ
1579 686 1647 738 γὰρ
1661 689 1731 725 τῶν
1747 688 1890 726 δικαίων
1908 687 1978 726 ὁδοὶ
2001 686 2129 738 ὁμοίως
2152 686 2240 739 φωτὶ
2257 685 2354 736 λάμ-

1326 750 1462 786 πουσιν.
1480 748 1574 786 Οὔτε
1603 748 1672 800 γὰρ
1697 749 1934 787 ἐπιὸουλεύειν
1956 751 2133 800 αἱροῦνται
2147 776 2156 790 ,
2175 747 2254 785 οὔτε
2275 748 2353 786 ἀδι-

1327 814 1419 856 κεῖν,
1451 810 1528 846 ἀλλ’
1558 809 1743 860 ἀνειμένην
1770 810 1887 862 ψυχὴν
1918 810 2067 861 ἔχόυσιν.
2100 802 2208 847 Οὗτοι
2234 807 2270 846 δὲ
2300 807 2355 846 ἀεὶ

1328 870 1447 913 δόλους
1467 870 1673 922 ράπτοντες,
1698 871 1750 908 ἀεὶ
1770 872 1805 908 ἐν
1830 872 1946 923 σκότῳ
1974 870 2032 908 καὶ
2062 869 2160 923 φόὸῳ
2179 869 2268 915 εἶσὶ,
2288 883 2353 907 κα·

1328 929 1439 981 θάπερ
1458 931 1490 967 οἱ
1511 930 1661 982 λῃσταὶ,
1682 932 1740 968 καὶ
1760 934 1791 969 οἱ
1821 932 2055 984 τοιχωρύχοι,
2084 931 2143 969 καὶ
2161 932 2192 969 οἱ
2213 928 2355 982 μοιχοί·

1328 990 1387 1028 καὶ
1413 992 1448 1028 ἐν
1467 990 1584 1043 ἡμέρᾳ
1616 992 1738 1035 σκότος
1766 996 1892 1044 δρῶσι,
1911 996 1972 1039 τῆς
2005 995 2121 1045 ψυχῆς
2148 993 2263 1030 αὐτῶν
2289 990 2357 1030 ὑπὸ

1329 1050 1423 1094 δέους
1437 1052 1669 1102 βαλλομένης.
1695 1053 1777 1096 Πῶς
1796 1047 1855 1090 οὖν
1875 1054 1916 1090 ἂν
1935 1053 2200 1100 διασκεδασθείη
2219 1052 2260 1090 τὸ
2274 1051 2356 1090 σκό-

1329 1127 1386 1155 τος
1407 1116 1536 1159 τοῦτο;
1570 1114 1612 1151 Εἰ
1646 1113 1787 1152 πάντων
1813 1114 1944 1153 τούτων
1975 1114 2096 1153 ἑαυτὸν
2129 1113 2356 1160 ἀποστήσας,

1330 1173 1605 1226 ἐκκρεμασθείης
1633 1178 1695 1222 τῆς
1722 1175 1860 1218 ἐλπίδος
1887 1179 1948 1213 τοῦ
1972 1179 2088 1224 Θεοῦ,
2106 1175 2170 1214 κᾶν
2194 1175 2356 1226 μυριάκις

1332 1235 1540 1287 ἁμαρτωλὸς
1564 1229 1616 1288 ᾖς.
1635 1235 1862 1289 Ἔμὸλέψατε
1894 1236 1962 1289 γὰρ
1974 1265 1983 1281 ,
2003 1236 2123 1289 φησὶν,
2143 1238 2191 1279 εἷς
2210 1236 2358 1288 ἀρχαίας

1331 1297 1472 1349 γενεὰς,
1504 1297 1563 1335 καὶ
1598 1298 1711 1345 ἴδετε,
1734 1297 1750 1318 ⁵
1767 1298 1818 1341 τίς
1851 1298 2000 1345 ἤλπισεν
2034 1298 2092 1336 ἐπὶ
2127 1297 2276 1349 Κύριον,
2300 1295 2358 1335 καὶ

1333 1359 1581 1412 κατῃσιύνθης
1601 1361 1678 1398 Οὐκ
1715 1353 1809 1404 εἷπε,
1842 1359 1993 1403 δίκαιος·
2027 1358 2118 1398 ἀλλὰ
2135 1389 2144 1405 ,
2177 1359 2264 1406 Τίς,
2284 1357 2359 1397 Κᾶν

1333 1420 1540 1471 ἁμαρτωλὸς
1552 1450 1560 1466 ,
1581 1420 1677 1471 φησί.
1696 1419 1749 1457 Τὸ
1765 1419 1833 1471 γὰρ
1849 1419 2048 1470 Θαυμαστὸν
2063 1419 2164 1457 τοῦτό
2183 1419 2292 1464 ἐστιν,
2306 1417 2360 1456 ὅτι

1334 1481 1393 1520 καὶ
1413 1481 1617 1533 ἁμαρτωλοὶ
1637 1480 1765 1527 ταύτης
1797 1482 1956 1533 ἐχόμενοι
1976 1483 2037 1526 τῆς
2058 1479 2231 1532 ἀγκύρας,
2253 1480 2360 1519 πᾶσίν

1334 1545 1421 1582 εἶσιν
1438 1543 1635 1595 ἀχείρωτοι.
1665 1544 1780 1581 Τοῦτο
1803 1542 1871 1594 γὰρ
1903 1542 2057 1593 μάλιστα
2092 1543 2275 1587 διαθέσεως
2298 1545 2361 1589 τῆς

1336 1604 1420 1656 πρὸς
1440 1605 1498 1642 τὸν
1523 1604 1630 1651 Θεὸν,
1657 1605 1739 1642 ὅταν
1758 1603 1933 1646 τοσούτοις
1970 1609 2088 1646 κακοῖς
2124 1603 2361 1656 βεὸαρημένος

1336 1666 1513 1718 θαῤῥήσῃς
1545 1667 1649 1704 αὐτοῦ
1678 1668 1721 1717 τῇ
1751 1665 2003 1717 φιλανθρωπίᾳ.
2023 1664 2164 1717 ιὨσπερ
2189 1664 2258 1716 γὰρ
2282 1666 2360 1703 ἐπι-

1337 1727 1534 1779 κατάρατος
1563 1730 1582 1765 ὁ
1607 1727 1756 1770 ἐλπίζων
1773 1726 1831 1764 ἐπὶ
1857 1726 2058 1777 ἄνθρωπον,
2074 1725 2165 1764 οὕτω
2191 1726 2362 1779 μακάριος

1335 1791 1354 1827 ὁ
1373 1789 1522 1832 ἐλπίζων
1540 1788 1597 1826 ἐπὶ
1620 1787 1725 1827 Θεόν.
1743 1787 1892 1826 Πάντων
1920 1787 2033 1825 τοίνυν
2053 1787 2255 1834 ἀποστήσας
2278 1803 2364 1826 σαυ·

1337 1851 1416 1896 τὸν,
1432 1849 1563 1897 ταύτης
1584 1850 1664 1902 ἔχου
1687 1852 1749 1896 τῆς
1765 1849 1930 1901 ἀγκύρας.
1949 1849 2019 1888 Καὶ
2036 1849 2104 1902 γὰρ
2122 1851 2230 1902 ἐφορᾷ
2248 1850 2363 1889 πάντα

1338 1915 1357 1951 ὁ
1383 1912 1491 1959 Θεὸς,
1517 1911 1577 1950 καὶ
1609 1910 1718 1962 κρίνει
1747 1910 1791 1948 τὰ
1811 1910 1948 1957 δίκαια,
1974 1910 2033 1948 καὶ
2056 1912 2094 1949 οὖ
2114 1911 2224 1962 κρίνει
2240 1911 2364 1963 μόνον,

1341 1972 1431 2012 ἀλλὰ
1456 1972 1516 2011 καὶ
1549 1973 1598 2015 εἰς
1623 1971 1723 2024 ἔργον
1741 1970 1869 2023 ἐξάγει.
1903 1970 1971 2009 Διὰ
1996 1974 2099 2009 τοῦτο
2129 1970 2237 2010 εἰπὼν
2259 1973 2365 2011 αὐτοῦ

313 2035 433 2074 (lictus
454 2044 504 2073 est
517 2033 578 2085 qui
602 2042 719 2086 sperat
731 2032 766 2070 in
778 2033 944 2081 homine,
963 2033 1010 2071 ita
1023 2033 1132 2072 ctiam
1146 2034 1271 2075 beatus
1296 2042 1321 2073 D
1340 2035 1421 2087 περὶ
1439 2037 1502 2081 τῆς
1519 2032 1739 2079 δικαιοσύνης
1751 2063 1761 2081 ,
1787 2031 1892 2077 ἔδειξε
1921 2031 1980 2071 καὶ
2007 2031 2071 2079 τὴν
2097 2033 2268 2086 τιμωρίαν
2280 2064 2291 2082 ,
2309 2034 2365 2073 διὰ

316 2107 367 2135 est
396 2097 458 2147 qui
478 2104 595 2149 sperat
619 2095 656 2132 in
683 2095 770 2132 Deo.
792 2093 850 2132 Ab
870 2094 1039 2132 omnibus
1059 2109 1144 2146 ergo
1165 2105 1198 2134 te
1220 2111 1273 2135 se-

312 2160 485 2211 jungens,
508 2158 600 2195 hanc
620 2165 699 2194 tene
717 2169 894 2194 ancoram.
913 2157 1012 2194 Deus
1038 2156 1133 2196 enim
1152 2158 1272 2196 omnia

318 2219 492 2266 intuetur,
509 2219 604 2270 juste
620 2216 780 2269 judicat,
811 2225 845 2255 et
873 2231 942 2255 non
974 2217 1090 2256 solum
1113 2218 1272 2270 judicat,

318 2280 379 2318 sed
393 2279 498 2317 etiam
517 2278 563 2317 ad
579 2291 669 2331 opus
687 2277 831 2316 deducit
846 2293 853 2313 τ
869 2286 902 2315 et
919 2277 998 2315 ideo
1010 2287 1198 2330 postquam
1216 2279 1273 2318 di-

319 2343 373 2382 xit
392 2341 438 2380 de
458 2341 535 2393 ejus
554 2339 719 2393 justitia,
739 2338 895 2378 ostendit
920 2339 1027 2378 etiam
1053 2341 1273 2393 supplicium

320 2419 382 2457 per
411 2404 546 2453 ignem,
577 2415 640 2454 per
671 2400 866 2453 procellam
895 2416 903 2437 ε
941 2400 1008 2439 hoc
1039 2410 1159 2440 autem
1191 2404 1273 2442 facit

319 2466 464 2503 illorum
485 2477 606 2501 curam
635 2475 777 2514 gerens,
805 2471 838 2500 et
860 2475 924 2514 per
949 2462 1168 2515 supplicium
1197 2464 1274 2503 red·

319 2526 406 2564 dens
436 2524 675 2563 modestiores.
701 2522 882 2561 Omnibus
907 2537 992 2574 ergo
1017 2522 1064 2562 de
1090 2525 1208 2563 causis
1229 2526 1275 2565 ad

320 2601 401 2624 cum
421 2584 650 2633 accedamus,
670 2593 704 2622 et
722 2592 894 2637 perpetuo
926 2583 973 2622 ad
998 2598 1080 2623 eum
1107 2586 1274 2638 respicia-

323 2663 412 2686 mus.
436 2649 486 2686 lta
514 2646 608 2685 enim
627 2645 733 2684 etiam
759 2645 878 2683 omnia
904 2645 995 2684 bona
1022 2659 1276 2697 consequemur

324 2710 357 2746 iu
383 2708 526 2746 Christo
553 2709 639 2746 ‚lesu
674 2705 829 2744 Domino
852 2715 995 2757 nostro,
1022 2707 1078 2745 cui
1101 2706 1214 2759 gloria
1238 2709 1274 2747 in

324 2769 451 2807 scccula
470 2768 692 2807 saeculorum.
717 2768 840 2806 Amen.

1342 2100 1402 2135 τοῦ
1418 2095 1547 2147 πυρὸς,
1566 2094 1622 2133 διὰ
1641 2097 1703 2140 τ’ἧς
1727 2094 1926 2145 καταιγίδος
1939 2109 1946 2117 ·
1975 2093 2033 2131 καὶ
2065 2098 2167 2133 τοῦτο
2190 2095 2226 2133 δὲ
2248 2101 2366 2144 ποιεῖ,

1343 2159 1531 2208 κηδόμενος
1555 2156 1710 2202 ἐκείνων,
1730 2155 1789 2194 καὶ
1819 2155 1876 2193 διὰ
1902 2157 1963 2200 τῆς
1986 2155 2162 2199 κολάσεως
2194 2171 2367 2209 σωφρονε-

1343 2219 1482 2271 στέρους
1513 2220 1634 2256 ποιῶν.
1656 2217 1804 2255 Πάντων
1825 2210 1883 2254 οὖν
1911 2215 2025 2254 ἕνεκεν
2045 2215 2246 2267 προσίωμεν
2259 2220 2367 2270 αὐτῷ,

1343 2281 1400 2319 καὶ
1417 2282 1582 2326 διηνεκῶς
1600 2278 1758 2330 μένωμεν
1776 2277 1861 2329 πρὸς
1880 2276 1982 2314 αὐτὸν
2001 2278 2160 2329 ὁρῶντες.
2176 2277 2283 2316 Οὕτω
2301 2278 2368 2332 γὰρ

1344 2342 1403 2380 καὶ
1438 2341 1576 2379 πάντων
1605 2337 1853 2387 ἐπιτευξόμεῠα
1887 2340 1956 2376 τῶν
1993 2339 2130 2389 α’γαῡῶν
2160 2340 2196 2376 ἐν
2225 2340 2369 2393 Χριστῷ

1344 2404 1460 2449 Ἰησοῦ
1492 2404 1541 2454 τῷ
1570 2401 1689 2452 Κυρίῳ
1711 2401 1833 2451 ἡμῶν,
1858 2392 1888 2451 ᾧ
1906 2402 1928 2446 ἡ
1947 2398 2027 2444 δόξα
2054 2401 2102 2443 είς
2131 2400 2210 2445 τοὺς
2241 2403 2370 2445 αἰῶνας

1344 2467 1414 2503 τῶν
1433 2463 1577 2502 αἰώνων.
1598 2462 1722 2513 Ἀμήν.

371 2896 386 2919 ’-
406 2895 443 2927 ln
460 2894 608 2928 sirm-ido:
623 2905 678 2930 seu
696 2894 929 2929 Ecclesiastico
945 2895 1075 2939 legitur,
1094 2902 1136 2936 τίς
1152 2903 1331 2933 &unificum
1349 2905 1456 2942 Ιιυριῳ-
