2430 3721
97 3112 139 3133 (ir

294 106 380 152 108
721 119 760 150 S.
796 119 984 150 JOANNts
1020 119 1263 150 cttm‘sosT.
1302 119 1509 151 AnctttEP.
1546 119 1908 151 CONSTANTINOP-

287 205 491 255 interrogat,
500 202 656 241 curserae
665 202 765 241 sactae
773 203 858 253 sint,
872 201 1103 254 interrogabit
1118 202 1239 251 etiam,

286 278 350 302 cur
368 264 404 303 in
422 263 525 302 nobis
539 263 584 302 sit
595 263 679 302 bilis
698 272 732 302 et
747 263 900 316 pituita?
915 263 1007 302 Nam
1026 277 1064 302 ea
1079 276 1240 314 quoque,

287 325 315 363 si
329 325 481 363 excitata
494 325 623 363 suerint
633 355 644 374 ,
658 334 788 364 exeunt
804 325 876 362 sera
900 324 1144 363 vehementius
1159 353 1170 373 ,
1189 333 1240 363 to-

287 387 383 439 tique
418 387 556 441 corpori
590 387 742 425 exitium
783 387 948 424 afferunt.
989 386 1100 423 Porro
1139 385 1243 424 nobis

284 462 426 501 quoque
444 448 531 486 inest
551 448 601 485 ira
621 456 653 485 et
684 445 872 499 cupiditas,
887 460 966 497 quae
997 445 1083 498 ipsis
1100 460 1242 498 quoque

285 509 370 547 seris
398 509 543 561 gravius
561 508 661 546 nobis
677 506 943 545 incommodum
966 507 1146 558 afferunt,
1172 508 1241 548 nisi

286 586 347 610 eas
359 585 581 609 coerceamus
599 579 632 607 et
651 569 878 607 refrenemus.
895 568 993 615 Quid
1022 579 1141 608 autem
1159 569 1241 610 dieo

285 633 443 670 animum
466 640 499 669 et
530 632 633 679 iram,
649 630 823 683 cumipse
837 630 945 669 etiam
965 640 1083 670 noster
1115 632 1240 672 oculus

285 693 319 731 in
341 694 478 746 pejores
491 722 501 740 ,
521 707 628 744 quam
645 692 725 730 serae
741 722 752 741 ,
773 692 976 730 affectiones
996 706 1059 731 nos
1077 694 1239 747 praecipi·

285 764 345 802 tet,
363 754 471 806 utqui
483 768 546 793 nos
559 753 594 792 in
610 767 767 792 amorem
777 753 945 792 acerbum
962 763 1052 793 totos
1067 756 1239 806 conligat?

1316 201 1443 248 ἔξεισι,
1459 203 1519 241 καὶ
1533 205 1584 255 τῷ
1602 204 1742 255 σώματι
1763 204 1869 242 παντὶ
1896 203 2115 254 λυμαίνεται.
2135 205 2204 242 Καὶ
2230 204 2336 254 θυμὸς

1315 262 1351 301 δὲ
1376 266 1462 314 ἡμῖν
1492 264 1667 316 ἔγκειται,
1699 266 1758 304 καὶ
1790 265 1958 316 ἐπιθυμία
1989 264 2116 302 πάλιν·
2137 264 2196 302 καὶ
2225 268 2338 302 ταῦτα

1315 324 1443 376 θηρίων
1472 326 1720 379 χαλεπώτερον
1747 326 1986 377 λυμαινόμενα
2006 324 2055 376 μὴ
2091 324 2339 375 κατείργοντας

1316 385 1405 425 αὐτὰ
1423 386 1482 425 καὶ
1499 389 1738 440 χαλινοῦντας.
1754 389 1824 427 xm
1844 389 1878 426 τί
1899 388 1991 438 λέγω
2012 387 2120 437 θυμὸν
2140 400 2200 424 και
2218 385 2339 437 ὀργὴν,

1314 448 1400 486 ὅπου
1419 463 1460 500 γε
1478 448 1538 486 καὶ
1549 450 1725 502 ὀφθαλμὸς
1737 453 1756 488 ὁ
1769 450 1939 501 ἡμέτερος
1954 449 2083 500 θηρίων
2103 452 2220 499 χεῖρον
2240 461 2337 498 περι-

1315 508 1420 548 έὸαλε
1449 509 1609 556 πάθεσιν,
1626 512 1674 555 εἰς
1707 510 1821 562 ἔρωτα
1853 511 1976 563 πικρὸν
2005 509 2228 562 περιπείραςς
2246 506 2339 547 Ἀλλ’

1314 573 1353 610 οὗ
1379 570 1435 610 διὰ
1467 575 1569 610 τοῦτο
1587 573 1745 624 ἐροῦμεν,
1775 572 1832 610 διὰ
1852 573 1886 610 τί
1913 576 2023 610 ταῦτα
2054 572 2212 622 γέγονεν;
2234 566 2339 608 Ἀλλὰ

1314 631 1374 671 καὶ
1407 632 1512 685 χάριν
1542 633 1707 683 εἰσόμεθα
1743 634 1884 672 πάντων
1915 633 2033 671 ἕνεκεν
2068 634 2119 684 τῷ
2155 630 2334 682 Δεσπότῃ.

1313 693 1432 746 Ὅπερ
1459 694 1528 746 γάρ
1553 696 1649 734 ἐστιν
1668 695 1750 745 ἱμὰς
1778 697 1828 747 τῷ
1856 695 2094 742 παιδὶ,τοῦτο
2124 693 2242 744 θηρίον
2275 693 2336 729 α’ν-

1313 749 1474 808 θρώποις.
1498 757 1540 795 Εἰ
1573 756 1640 808 γὰρ
1670 756 1846 799 τοσούτοις
1878 755 2103 808 συνεχόμενοι
2139 755 2261 797 δεινοῖς
2290 754 2339 796 εἰς

284 815 354 853 Sed
375 830 442 854 non
463 815 543 854 ideo
560 814 741 864 dicemus,
759 815 833 853 Cur
853 814 928 853 haec
947 815 1036 854 sacta
1059 817 1238 856 sunfi'sed
1266 826 1290 857 c
1311 816 1484 862 τοσαύτην
1502 816 1668 855 ἀπόνοιαν
1688 819 1719 855 οἱ
1740 817 1880 860 πλείους
1908 817 2087 868 αἴρονται,
2106 815 2148 853 ἂν
2175 814 2235 853 καὶ
2253 817 2333 852 τοῦ·

282 877 389 915 etiam
427 891 490 930 pro
529 877 696 915 omnibus
727 876 881 915 Domino
912 877 1044 927 gratias
1078 892 1237 929 agemus.

283 938 389 986 Quod
408 939 501 977 enim
516 948 566 977 est
581 953 690 992 puero
709 937 855 985 scutica,
871 937 940 975 boc
960 947 1012 975 est
1031 939 1103 976 sera
1125 938 1239 977 homi-

284 1001 400 1039 nibus.
421 1001 459 1039 Si
482 1001 578 1038 enim
594 1014 675 1037 cum
695 999 750 1036 vel
769 1007 818 1036 tot
839 998 947 1036 rebus
964 999 1100 1050 asperis
1129 999 1240 1037 conti-

283 1071 444 1108 neantur,
463 1061 624 1114 plerique
643 1069 758 1097 tamen
790 1059 825 1096 in
855 1067 987 1096 tantam
1017 1059 1240 1098 extolluntur

283 1122 548 1173 arrogantiam:
577 1121 605 1158 si
628 1121 695 1158 boe
725 1119 833 1157 etiam
863 1119 1004 1157 frenum
1035 1118 1211 1160 ademeris
1228 1151 1240 1170 ,

284 1182 464 1221 considera
483 1197 554 1234 quo
570 1182 616 1221 sit
630 1180 772 1220 tandem
791 1194 997 1233 processura
1017 1180 1239 1234 improbitas.

287 1243 337 1281 Ea
354 1243 519 1282 ‹le-eausa
535 1242 662 1281 datum
678 1251 730 1281 est
760 1241 864 1280 nobis
883 1255 1013 1294 corpus
1042 1241 1132 1281 adeo
1148 1258 1242 1282 mor-

285 1305 340 1344 bis
355 1305 565 1350 obnoxium,
581 1303 730 1357 patibile
745 1333 756 1353 ,
774 1301 871 1354 quod
886 1301 1070 1340 obsidetur
1084 1318 1103 1341 a
1137 1304 1242 1344 malis

285 1366 605 1405 innumerabilibus
623 1382 630 1403 :
652 1374 685 1403 et
703 1374 805 1411 terra,
825 1378 903 1415 quae
916 1379 978 1402 sua
997 1374 1092 1412 sunt,
1109 1365 1241 1417 produ—

285 1429 333 1467 cit
355 1443 436 1466 cum
454 1428 638 1466 laboribus
653 1443 661 1464 ε
680 1436 711 1464 et
728 1425 891 1464 universa
907 1426 980 1464 vita
999 1426 1102 1478 plena
1116 1436 1167 1465 est
1183 1442 1242 1466 su-

284 1490 444 1528 doribus.
465 1489 643 1536 Quoniam
660 1502 812 1541 ptmsens
832 1487 905 1525 vita
933 1496 983 1525 est
999 1488 1110 1526 veluti
1128 1488 1241 1539 quod-

285 1551 368 1589 dam
399 1551 627 1604 gymnasium
640 1580 650 1597 ,
663 1550 849 1601 otiumque
878 1558 911 1587 et
929 1549 1090 1588 remissio
1106 1549 1241 1602 pleros-

285 1627 355 1664 que
385 1612 500 1665 perdit
534 1611 696 1650 homines
715 1641 725 1660 ‚
763 1619 947 1664 propterea
995 1610 1178 1661 negotium
1208 1620 1242 1650 et

286 1674 442 1712 laborem
468 1674 686 1721 admiscuit,
703 1682 741 1711 ut
776 1682 956 1724 tamquam
982 1687 1002 1711 a
1023 1672 1241 1723 quibusdam

285 1736 393 1774 frenis
420 1736 610 1786 castigetur
635 1735 826 1773 acrimonia
856 1734 994 1772 mentis.
1031 1734 1089 1772 Tu
1123 1745 1239 1773 autem

285 1796 466 1835 considera
486 1796 665 1849 quomodo
699 1811 738 1834 ea
777 1795 884 1834 etiam
918 1809 997 1846 quae
1026 1804 1146 1834 natant
1179 1810 1242 1848 per

287 1858 563 1910 profunditatem
599 1871 774 1908 aquarum
793 1886 803 1905 ,
839 1865 871 1894 et
899 1870 978 1907 qua:
1012 1855 1048 1894 in
1086 1857 1242 1897 sublime

287 1919 473 1966 tolluntur,
489 1934 552 1972 per
566 1928 676 1957 artem
694 1918 759 1956 tibi
779 1917 955 1956 Dominus
973 1917 1175 1970 subjecerit.
1194 1918 1242 1957 Et

286 1995 348 2018 eur
377 1994 445 2019 non
479 1980 595 2019 omnia
611 1994 690 2031 quae
711 1978 899 2027 videntur,
915 1988 1150 2031 persequutus
1177 1989 1241 2029 est,

286 2042 450 2095 plautas',
477 2042 644 2090 arbores,
661 2050 694 2079 et
714 2040 847 2079 semina
863 2040 881 2077 Ρ
911 2039 968 2078 Ex
1002 2050 1102 2093 parte
1126 2050 1242 2080 totum

286 2104 504 2154 significavit
516 2133 525 2151 ,
540 2113 572 2142 et
586 2102 757 2142 studiosis
777 2111 899 2140 caetera
917 2101 1067 2140 dicenda
1085 2102 1241 2154 reliquit.

289 2164 333 2203 Et
349 2179 471 2203 rursus
507 2164 542 2202 in
561 2163 724 2202 eumdem
741 2161 1003 2212 desinitfinem,
1019 2177 1063 2201 ex
1082 2177 1153 2215 quo
1175 2179 1244 2203 eoe·
1269 2173 1293 2205 E

289 2235 386 2278 perat
409 2242 417 2262 :
435 2228 602 2264 Domine
619 2226 810 2263 Dominus
831 2232 981 2262 noster.-
1006 2233 1041 2263 et
1065 2234 1145 2263 ante
1163 2240 1244 2279 pro-

290 2287 479 2333 bationem,
495 2296 529 2325 et
549 2295 626 2339 post
643 2284 888 2338 probationem
906 2283 1029 2323 eadem
1048 2286 1156 2328 verba
1183 2300 1243 2339 po-

290 2363 384 2387 nens.
417 2350 684 2387 Perseveremus
716 2360 799 2397 ergo
840 2359 902 2384 nos
946 2360 1089 2398 quoque
1120 2347 1244 2388 eadem

289 2411 433 2449 assidue
447 2410 565 2449 ‹liccrc
578 2440 589 2460 ,
605 2409 821 2448 admirantes
837 2409 914 2460 ejus
938 2408 1217 2448 sollicitudinem
1233 2441 1243 2461 ,

289 2473 518 2525 suspicientes
533 2471 742 2525 sapientiam
756 2500 766 2518 ,
781 2469 1005 2508 clementiam
1018 2500 1028 2519 ,
1049 2479 1082 2509 et
1096 2471 1173 2523 ejus
1191 2486 1244 2510 er—

289 2548 331 2583 ga
353 2547 415 2571 nos
435 2531 705 2586 providentiam.
730 2531 776 2569 Et
812 2530 887 2569 baec
915 2529 1062 2582 quidem
1091 2545 1112 2569 a
1144 2532 1246 2571 nobis

287 2595 382 2632 dicta
403 2603 484 2632 sunt
503 2593 549 2632 ad
565 2591 903 2646 interpretationem.
925 2591 963 2630 Si
985 2600 1105 2630 autem
1121 2592 1245 2643 vultis,

290 2671 361 2693 rem
384 2655 508 2708 majori
539 2669 681 2707 quoque
696 2653 919 2693 contentione
933 2667 1082 2704 agamus
1096 2683 1106 2701 ,
1128 2662 1162 2692 et
1180 2655 1245 2694 Ju-
1268 2692 1298 2718 Μ

287 2717 382 2755 ‹la-os
401 2731 576 2767 rogemus,
607 2716 754 2755 ubinam
770 2729 893 2754 vocem
904 2714 1013 2767 puelli
1030 2714 1212 2753 emiserint
1228 2715 1245 2753 Ρ
1272 2730 1296 2760 Λ

291 2778 351 2816 ubi
369 2778 554 2816 inimicum
572 2778 654 2816 talis
666 2791 738 2816 vox
753 2775 998 2815 destruxerit?
1011 2775 1153 2827 quando
1169 2777 1246 2829 ejus

291 2853 415 2877 nomen
444 2839 550 2877 suerit
584 2837 830 2877 admirabile?
855 2837 926 2876 Sed
952 2836 1052 2874 aliud
1088 2846 1244 2890 tempus,

291 2915 398 2951 quam
419 2901 497 2947 bor,
508 2914 575 2938 non
587 2908 751 2952 poterunt
770 2898 899 2946 dicere,
917 2897 1013 2950 quod
1026 2898 1099 2936 sole
1114 2898 1199 2936 elar'
1192 2913 1246 2938 ius

291 2961 444 3000 ostendit
461 2962 534 2999 vim
561 2961 731 2999 veritatis.
762 2959 808 2999 Et
840 2959 920 2998 ideo
943 2958 1065 3007 dicit,
1102 2960 1149 2996 V'
1136 2961 1249 2997 idebo

294 3023 408 3062 nelos
427 3037 545 3071 opera
562 3024 770 3074 digitorum
791 3031 968 3061 tuorum:
991 3029 1024 3059 et
1041 3029 1157 3059 tamen
1172 3021 1249 3073 jam

145 3120 168 3134 „¹
190 3117 196 3134 ,
233 3115 240 3134 ,
294 3089 433 3127 dixerat
451 3090 566 3128 Moses
587 3103 594 3124 τ
616 3092 661 3127 In
676 3091 867 3140 principio
877 3089 974 3141 fecit
987 3089 1093 3128 Deus
1113 3089 1246 3128 coelum

341 3225 351 3235 ⁴
380 3213 470 3244 Unus
488 3228 584 3257 erenum
606 3222 722 3258 opums.
738 3219 793 3247 ποῦ
806 3216 848 3246 ἰέ.
868 3213 943 3245 Non
967 3211 1062 3245 mule.

341 3266 353 3278 “
382 3264 498 3296 Paulus
511 3265 745 3297 samosatenus
758 3262 893 3297 dicebat
908 3263 1091 3305 Christum,
1106 3264 1205 3296 etiam
1217 3275 1300 3307 qua-

299 3326 389 3348 tenus
409 3316 507 3348 Filius
529 3325 594 3348 ernt
618 3318 693 3356 noi,
714 3326 792 3351 tunc·
819 3318 974 3350 exsistere
999 3317 1137 3359 ca'pisae
1165 3328 1239 3349 cum
1264 3328 1300 3349 rx

1314 891 1371 914 τον
1397 876 1562 928 περιέλῃς
1588 878 1646 916 τὸν
1677 879 1833 930 χαλινὸν,
1854 877 2015 924 ἐννόησον
2043 879 2110 914 ποῦ
2132 875 2176 915 τὰ
2194 878 2257 922 τῆς
2275 889 2338 913 κα·

1313 935 1391 980 κίας
1409 937 1639 989 προὸήσεται.
1660 937 1728 976 Διὰ
1751 943 1855 977 τοῦτο
1870 938 1930 977 καὶ
1947 939 1986 976 τὸ
2002 940 2106 988 σῶμα
2133 940 2220 988 ἡμῖν
2247 935 2340 974 οὕτω

1314 997 1611 1044 κατεσκεύασται,
1631 998 1804 1045 ἐπίνοσον,
1824 1001 1993 1045 παθητὸν,
2013 1000 2082 1038 ὑπὸ
2107 998 2240 1051 μυρίων
2270 1011 2338 1036 πο-

1313 1057 1559 1109 λιορκούμενον
1577 1062 1694 1097 κακῶν
1709 1075 1717 1083 ·
1739 1059 1798 1097 καὶ
1816 1063 1838 1106 ἡ
1857 1063 1902 1111 γῆ
1924 1060 2013 1111 μετὰ
2037 1061 2151 1099 πόνων
2173 1060 2217 1098 τὰ
2233 1061 2341 1106 αὐτῆς

1316 1120 1434 1158 δίδωσι
1451 1136 1459 1144 ·
1473 1119 1533 1158 καὶ
1551 1123 1570 1158 ὁ
1591 1121 1663 1172 βίος
1684 1121 1775 1165 ἅπας
1793 1122 1948 1174 ἱδρώτων
1968 1123 2082 1173 γέμει.
2099 1122 2246 1169 Ἐπειδὴ
2260 1137 2341 1159 παι-

1316 1181 1497 1234 δευτήριον
1516 1185 1534 1220 ὁ
1557 1181 1679 1234 παρὼν
1706 1182 1779 1234 βίος
1798 1183 1891 1228 ἐστὶ,
1911 1183 1969 1221 καὶ
1992 1184 2105 1227 ἄνεσις
2136 1184 2208 1222 καὶ·
2226 1181 2339 1235 σχολὴ

1315 1243 1394 1287 τοὺς
1430 1243 1593 1287 πλείονας
1614 1247 1684 1282 τῶν
1721 1243 1914 1296 ἀνθρώπων
1941 1244 2206 1291 ἀπόλλυσι,διὰ
2237 1247 2339 1282 τοῦτο

1316 1306 1374 1344 καὶ
1401 1306 1571 1358 ἀσχολίαν
1598 1306 1655 1344 καὶ
1689 1306 1792 1344 πόνον
1821 1310 1906 1357 ἡμῖν
1941 1306 2112 1356 ἀνέμιξεν,
2131 1305 2188 1344 ἵνα
2220 1304 2341 1358 ὥσπερ

1315 1368 1383 1407 ὑπό
1402 1384 1504 1406 τινων
1529 1369 1683 1420 χαλινῶν
1704 1367 1743 1405 τὸ
1763 1367 1995 1420 ἐγηγερμένον
2014 1370 2076 1413 τῆς
2103 1366 2254 1411 διανοίας
2282 1381 2341 1405 κο-

1315 1430 1476 1475 λάζηται.
1500 1428 1551 1467 Σὺ
1568 1428 1603 1466 δὲ
1622 1428 1745 1467 σκόπει
1771 1431 1844 1471 πῶς
1864 1429 1923 1466 καὶ
1943 1427 1986 1466 τὰ
2003 1428 2182 1480 νηχόμενα
2205 1427 2262 1466 διὰ
2279 1430 2340 1467 τοῦ

1269 1501 1293 1531 D
1317 1490 1442 1543 βάθους
1461 1491 1528 1528 τῶν
1547 1490 1694 1536 ὑδάτων,
1712 1489 1772 1527 καὶ
1805 1490 1848 1528 τὰ
1878 1491 1926 1533 εἶς
1954 1490 2038 1542 ὕψος
2069 1490 2238 1542 αἶρόμενα
2256 1489 2338 1528 ὑπέ-

1316 1552 1396 1597 ταΞέ
1414 1567 1468 1591 σοι
1486 1551 1543 1590 διὰ
1563 1555 1624 1598 τῆς
1643 1551 1769 1603 τέχνης
1796 1555 1814 1589 ὁ
1830 1551 2023 1599 Δεσπότης.
2045 1551 2115 1590 Καὶ
2142 1552 2177 1589 τί
2209 1551 2339 1598 δήποτε

1315 1615 1354 1652 οὗ
1371 1613 1487 1651 πάντα
1507 1614 1638 1660 ἐπῆλθε
1669 1612 1713 1650 τὰ
1731 1613 1891 1665 ὁρώμενα
1904 1642 1914 1659 ,
1932 1614 1990 1652 καὶ
2026 1613 2116 1665 φυτὰ
2143 1613 2204 1651 καὶ
2229 1612 2341 1664 σπέρ-

1316 1692 1411 1727 ματα
1430 1675 1489 1713 καὶ
1508 1675 1652 1727 δένδρα;
1673 1675 1755 1714 Ἀπὸ
1779 1675 1903 1728 μέρους
1933 1676 1972 1714 τὸ
2002 1682 2071 1713 πᾶν
2102 1674 2262 1726 ᾐνίξατο,
2281 1674 2341 1714 καὶ

1315 1743 1385 1780 τοῖς
1403 1737 1609 1789 φιλομαθέσι
1640 1737 1698 1775 τὸν
1730 1737 1810 1788 περὶ
1842 1737 1974 1775 τούτων
2003 1739 2116 1789 ἀφῆκε
2135 1737 2251 1788 λόγον.
2271 1736 2342 1776 Καὶ

1314 1797 1420 1835 πάλιν
1439 1799 1488 1841 εἰς
1505 1798 1545 1836 τὸ
1565 1798 1649 1836 αὐτὸ
1667 1797 1835 1836 καταλύει
1863 1798 1981 1844 τέλος,
2006 1799 2082 1837 ὅθεν
2102 1798 2162 1837 καὶ
2189 1797 2338 1849 ἤρξατο·

1315 1859 1422 1910 Κύριε
1445 1862 1463 1897 ὁ
1481 1858 1610 1910 Κύριος
1627 1862 1748 1909 ἡμῶν·
1769 1860 1828 1898 καὶ
1847 1859 1916 1911 πρὸ
1946 1862 2008 1905 τῆς
2029 1858 2261 1906 ἀποδείξεως,
2281 1859 2340 1897 καὶ

1315 1920 1404 1970 μετὰ
1423 1920 1486 1967 τὴν
1503 1919 1677 1964 ἀπόδειξιν
1698 1919 1741 1958 τὰ
1761 1920 1849 1959 αὐτὰ
1866 1920 1969 1964 τιθεὶς
1991 1921 2144 1972 ῥήματα.
2168 1919 2341 1971 Μένωμεν

1314 1982 1426 2020 τοίνυν
1447 1983 1618 2029 διηνεκῶς
1633 1981 1693 2020 καὶ
1709 1984 1811 2033 ἡμεῖς
1831 1982 1874 2020 τὰ
1894 1982 1983 2020 αὐτὰ
2013 1984 2188 2034 λέγοντες,
2206 1982 2342 2033 θαυμά-

1314 2046 1428 2089 ζοντες
1461 2047 1567 2083 αὐτοῦ
1603 2044 1668 2091 τὴν
1700 2045 1922 2096 κηδεμονίαν,
1959 2045 2236 2096 ἐκπληττόμενοι
2278 2044 2340 2091 τὴν

1315 2105 1452 2156 σοφίαν,
1473 2105 1536 2152 τὴν
1557 2106 1838 2158 φιλανθρωπίαν,
1852 2106 1916 2153 τὴν
1935 2107 2022 2159 ὑπὲρ
2042 2109 2144 2154 ἡμῶν
2162 2107 2341 2159 πρόνοιαν.

1317 2165 1386 2204 Καὶ
1411 2169 1522 2204 ταῦτα
1542 2166 1604 2217 μὲν
1631 2169 1717 2216 ἡμῖν
1752 2169 1800 2210 εἷς
1833 2167 2021 2219 ἑρμηνείαν
2055 2168 2204 2220 εἴρηται.
2228 2169 2270 2207 Εἰ
2302 2167 2341 2207 δὲ

1317 2226 1482 2278 βούλεσθε
1495 2257 1504 2274 ,
1525 2227 1584 2265 καὶ
1605 2228 1926 2280 α’γωνιστικώτερον
1965 2229 2024 2267 τὸν
2058 2229 2160 2279 λόγον
2177 2245 2340 2282 μεταχει·

1318 2288 1481 2340 ρίσωμεν,
1503 2288 1562 2326 καὶ
1576 2289 1736 2341 ἐρώμεθα
1758 2289 1961 2338 Ἰουδαίους,
1979 2293 2044 2330 ποῦ
2058 2290 2182 2329 παιδία
2197 2296 2211 2312 ”
2224 2290 2342 2344 φωνὴν

1316 2344 1400 2402 ᾖσε;
1420 2354 1486 2388 ποῦ
1507 2350 1541 2389 δὲ
1563 2350 1751 2389 κατέλυσεν
1768 2352 1892 2404 ἐχθρὸν
1912 2355 1933 2399 ἡ
1954 2353 2097 2400 τοιαύτη
2121 2353 2239 2406 φωνή;
2256 2352 2342 2391 πότε

1317 2411 1351 2450 δὲ
1371 2412 1571 2462 θαυμαστὸν
1587 2412 1726 2463 γέγονεν
1746 2414 1852 2452 αὑτοῦ
1871 2414 1910 2452 τὸ
1933 2414 2063 2465 ὅνομα;
2083 2414 2173 2453 Ἀλλ’
2206 2416 2270 2453 οὐκ
2299 2414 2341 2453 ἃν

1316 2473 1429 2526 ἔχοιεν
1448 2474 1562 2526 ἕτερον
1585 2473 1704 2526 καιρὸν
1724 2475 1847 2522 εἰπεῖν,
1868 2475 1890 2521 ἢ
1910 2479 2044 2522 τοῦτον,
2063 2477 2098 2520 ὃς
2114 2477 2214 2523 ἡλίου
2233 2475 2341 2528 φανό·

1317 2550 1415 2587 τερον
1437 2536 1589 2574 δείκνυσι
1608 2538 1668 2582 τῆς
1685 2536 1850 2582 ἀληθείας
1878 2536 1942 2584 τὴν
1969 2537 2126 2588 δύναμιν.
2146 2538 2215 2577 Διὰ
2240 2539 2343 2577 τοῦτό

1319 2613 1442 2650 φησιν·
1459 2596 1623 2650 Ὀψομαι
1643 2597 1723 2641 τοὺς
1753 2599 1916 2650 οὐρανοὺς
1949 2599 2034 2652 ἔργα
2064 2602 2133 2639 τῶν
2162 2601 2343 2639 δακτύλων

1318 2675 1378 2698 σου
1393 2675 1400 2682 ·
1413 2659 1526 2698 καίτοι
1546 2675 1585 2711 γε
1606 2661 1759 2705 Μωϋσῆς
1770 2661 1838 2707 ἤδη
1852 2655 1960 2707 εἶπεν,
1972 2664 2026 2700 ὅτι
2041 2662 2102 2701 Ἐν
2112 2663 2204 2715 ἀρχῇ
2216 2663 2341 2711 ἐποίη-

1318 2737 1376 2759 σεν
1393 2725 1410 2760 ὁ
1426 2722 1516 2766 Θεὸς
1534 2722 1592 2760 τὸν
1617 2721 1762 2773 οὐρανὸν
1781 2722 1839 2760 καὶ
1859 2722 1921 2768 τὴν
1940 2725 2018 2773 γῆν.
2041 2723 2145 2762 Ἀλλὰ
2174 2724 2259 2776 πρὸς
2278 2723 2342 2774 μὲν

1320 2782 1507 2827 Ἰουδαίους
1526 2785 1626 2836 ἀρκεῖ
1646 2783 1706 2823 καὶ
1733 2787 1863 2829 ταῦτα,
1885 2784 1944 2821 καὶ
1961 2783 2005 2822 τὰ
2033 2784 2227 2836 ἔμπροσθεν
2248 2786 2336 2837 εἰρη-

1319 2843 1420 2894 μένα·
1446 2844 1566 2892 ἐπειδὴ
1594 2845 1629 2884 δὲ
1662 2846 1693 2883 οἱ
1711 2844 1818 2897 χωρὶς
1836 2848 2028 2897 περιτομῆς
2054 2845 2097 2884 τὰ
2126 2846 2265 2885 ἐκείνων
2286 2862 2343 2897 μι-

1320 2906 1488 2956 μούμενοι
1507 2906 1566 2944 καὶ
1596 2907 1796 2954 ζηλοῦντες,
1815 2908 1845 2945 οἱ
1876 2907 2047 2945 ’Παύλου
2081 2910 2141 2945 τοῦ
2171 2908 2340 2957 Σαμοσα-

1319 2967 1424 3014 τέως,
1444 2969 1484 3006 ἐκ
1512 2966 1591 3006 τότε
1617 2967 1719 3021 φασὶν
1747 2962 1835 3006 εἶναι
1868 2967 1925 3005 τὸν
1948 2969 2111 3020 Χριστὸν,
2139 2967 2175 3013 ἑξ
2203 2964 2242 3007 οὗ
2272 2969 2344 3008 ἀπὸ

1322 3028 1461 3081 Μαρίας
1494 3030 1679 3081 προῆλθεν,
1710 3029 1868 3081 ἐρώμεθα
1903 3029 2100 3073 κάκείνως·
2126 3033 2219 3077 πῶς,
2239 3032 2270 3068 εἶ
2303 3032 2343 3069 ἐκ

1320 3091 1397 3129 τότε
1418 3084 1459 3136 ἦν
1479 3093 1497 3129 ὁ
1520 3090 1668 3142 Χριστὸς
1681 3088 1779 3135 ,τοὺς
1797 3088 1961 3142 οὐρανοὺς
1973 3090 2250 3143 ἱδημιούργηση
2270 3092 2344 3131 Τὸν

1340 3213 1440 3245 Muru-
1469 3214 1645 3256 processit,
1666 3221 1697 3246 et
1723 3214 1766 3245 ita
1791 3219 1942 3256 ὸμοούσιου
1960 3214 2054 3246 fuisse
2075 3215 2176 3253 l‘ntri,
2195 3224 2229 3248 ut
2255 3215 2343 3248 nutta

1337 3273 1421 3298 esset
1446 3277 1660 3308 {wrsonurutn
1690 3265 1881 3304 distinctio,
1908 3278 1974 3309 qun
2005 3279 2099 3301 ¹sensu
2132 3276 2164 3304 τὸ
2193 3277 2345 3315 &ponthieu

1337 3316 1533 3351 ‹lamuntum
1551 3327 1596 3351 est
1618 3320 1648 3351 iu
1667 3317 1806 3362 Synodo
1825 3318 2041 3352 Antiochi-un.
