2430 3721
272 130 333 175 68

274 228 593 280 corripi-elietulat,
623 238 659 266 et
685 229 883 266 conculcet
904 230 944 265 in
979 234 1083 264 terra
1102 228 1229 264 vitam

274 303 415 335 meam,
436 299 472 329 el
489 291 656 343 gloriam
675 305 798 329 meam
826 290 864 327 in
894 289 1089 340 pulverem
1104 288 1229 327 dedu-

275 358 352 388 cat.
390 350 521 389 Vidisti
548 350 636 402 justi
669 348 838 387 fiduciam
885 357 917 385 et
940 347 1115 400 optimam
1146 361 1230 386 eon·

278 411 490 450 scientiam?
509 411 584 450 Nisi
599 410 692 448 enim
716 408 819 447 valde
838 408 906 447 sibi
926 407 1231 454 confidisset,non

277 482 366 511 esset
395 472 477 511 talia
511 472 732 525 imprecatus.
766 468 873 516 Quod
903 478 1021 508 autem
1059 468 1146 508 dicit
1180 479 1233 508 cst

279 534 455 586 ejusmodi
474 550 481 570 :
504 534 542 571 Si
565 533 629 571 l'eci
664 532 852 584 injuriam,
872 531 901 569 si
930 545 987 570 me
1017 530 1112 569 ultus
1132 545 1234 580 sum,

283 597 355 634 lucc
376 605 408 634 et
429 596 487 633 illa
509 595 641 648 patiar;
658 593 693 632 in
708 594 862 647 seipsum
879 594 943 632 sert
956 592 1182 642 sententiam,
1201 602 1235 631 et

282 672 349 695 non
370 657 523 710 postulat
536 665 573 695 ut
587 670 651 709 pro
667 655 772 694 modo
796 655 843 693 rei
859 655 1059 708 judicetur,
1081 653 1153 692 imo
1172 669 1237 707 po-

282 719 353 756 tius
374 728 412 756 ut
443 733 548 771 supra
571 717 737 756 meritum
761 717 834 755 luat
856 730 978 769 poenas
997 731 1004 752 :
1028 725 1061 754 et
1082 715 1237 769 seipsum

284 780 398 819 mddii
418 780 470 818 iffi
488 779 664 833 supplicio
679 778 896 823 obnoxium,
913 792 932 816 a
948 792 1021 829 quo
1043 777 1162 830 ipsum
1181 776 1238 814 lex

285 842 459 896 probibet.
479 841 576 881 Vide
585 839 894 892 autemquodnani
914 840 958 877 sit
978 838 1068 878 illud
1087 854 1095 875 ε
1121 840 1239 877 Deci-

285 906 393 950 dam,
423 903 551 955 inquit,
576 906 625 941 ab
657 906 821 940 ininu'cis
847 904 940 939 meis
971 903 1113 939 inanis.
1143 901 1240 938 Per-

286 975 473 1017 sequatur
497 967 674 1002 inimicus
709 967 880 1000 animam
918 975 1057 1005 meam,
1083 969 1120 998 et
1145 974 1243 997 com-

281 1026 514 1077 prehendat,
529 1034 564 1062 et
579 1024 774 1061 conculcet
787 1026 828 1059 in
844 1031 946 1060 terra
962 1024 1084 1058 vitam
1098 1033 1240 1065 meam,

285 1095 322 1124 et
347 1087 512 1138 gloriam
541 1098 666 1122 meam
689 1086 729 1119 in
746 1082 945 1133 puli-erem
962 1081 1144 1119 deducat.
1167 1079 1244 1118 Hoc

285 1157 354 1196 est,
375 1148 435 1185 Me
456 1144 714 1197 inglorium,et
734 1143 834 1181 bona}
857 1142 958 1180 saniae
978 1150 1011 1179 et
1030 1140 1244 1180 existimati·
1267 1152 1292 1183 c

286 1209 364 1247 onis
386 1216 566 1261 expertem
589 1204 730 1258 perdat,
761 1213 795 1242 et
829 1203 936 1242 simul
968 1216 1050 1240 cum
1071 1201 1145 1241 vita
1166 1215 1244 1240 mea

287 1285 401 1310 meam
429 1282 570 1322 quoque
601 1266 750 1319 gloriam
768 1264 936 1304 destruat.
970 1263 1069 1312 Quid
1087 1272 1153 1310 est,
1192 1265 1245 1302 Et

287 1334 453 1385 gloriam
479 1344 603 1369 meam
632 1331 672 1366 in
693 1329 888 1381 pulverem
909 1328 1101 1365 deducat?
1118 1325 1245 1364 Humi-

290 1394 367 1442 liet,
389 1392 570 1431 conculcet
591 1407 599 1428 :
623 1389 790 1436 Efficiar‚
818 1389 951 1441 inquit,
973 1388 1062 1426 meis
1091 1387 1247 1426 inimicis

153 1464 497 1509 Aiiondeexpugnatu
534 1453 660 1491 facilis.
695 1450 794 1498 Quid
830 1451 941 1504 possit
974 1465 1050 1489 esse
1071 1450 1247 1489 Absalone

91 1518 264 1539 ΙΙΙΒΙΙἏΙΙΕΝΙ·

90 1554 190 1580 ‹tnnc-m
222 1552 281 1580 Da-

92 1595 178 1621 vidis.

292 1516 512 1563 sceleratius,
540 1515 602 1567 qui
625 1523 782 1567 patrem,
801 1522 833 1551 et
854 1512 961 1551 talem
986 1521 1140 1565 patrem,
1160 1511 1247 1550 adeo

292 1586 517 1616 mansuetum
538 1585 570 1614 et
597 1575 718 1613 mitem
739 1572 1032 1627 persequebatur,
1056 1586 1137 1610 cum
1159 1581 1248 1610 esset

293 1638 516 1692 impudicus,
545 1636 725 1690 petulans,
753 1644 786 1673 et
818 1633 1128 1673 contumeliosus?
1149 1633 1248 1681 Quid

292 1701 410 1753 ergo?
439 1713 526 1738 num
566 1697 722 1736 reddidit
751 1694 1033 1735 retribuentibus
1059 1694 1090 1733 ei
1122 1694 1249 1733 mala?

292 1778 381 1802 num
411 1761 560 1814 injurias
578 1758 758 1797 revocavit
780 1757 815 1795 in
847 1756 1054 1795 memoriam
1068 1756 1086 1793 Ξ)
1108 1757 1249 1807 Nequa—

293 1839 413 1876 quam.
452 1822 497 1860 Et
527 1822 556 1859 si
584 1818 846 1859 examinaveris
886 1817 1007 1856 Saiilis
1037 1817 1249 1867 historiam,

296 1895 379 1924 tunc
393 1883 550 1923 maxime
565 1881 704 1921 videbis
727 1880 826 1918 illam
848 1893 970 1919 vocem
986 1893 1060 1918 esse
1073 1879 1207 1917 claram
1219 1889 1253 1918 et

295 1948 482 1986 illustrem.
506 1945 598 1983 Cum
628 1943 723 1982 enim
756 1955 858 1988 eum,
890 1941 951 1993 qui
980 1949 1060 1994 post
1092 1940 1253 1980 innume-

295 2009 422 2049 rabilia
439 2006 631 2055 beneficia,
652 2015 684 2043 et
699 2014 848 2058 trop-ra,
871 2012 904 2041 et
924 2002 1092 2041 victorias
1113 2002 1143 2040 ei
1160 2003 1252 2056 inju-

296 2071 386 2109 riam
407 2068 575 2116 faciebat,
593 2065 741 2104 insidias
757 2063 940 2111 tendebat,
962 2072 996 2101 et
1012 2063 1172 2115 quotidie
1192 2078 1253 2102 cu-

297 2132 415 2185 piebat
432 2144 513 2169 eum
534 2128 579 2166 de
601 2126 718 2166 medio
741 2125 884 2173 tollere,
901 2124 1007 2164 semel
1021 2154 1031 2173 ,
1054 2124 1126 2174 bis,
1142 2134 1256 2174 ter‚et

297 2207 389 2246 saepe
403 2191 657 2238 dormientem,
671 2198 703 2226 et
719 2197 901 2238 tamquam
923 2186 957 2224 in
980 2199 1119 2225 carcere
1140 2186 1253 2224 inclu-

298 2270 397 2303 sum,
416 2264 450 2292 et
480 2251 694 2292 satellitibus
714 2249 924 2288 destitutum
950 2248 983 2286 in
1007 2261 1133 2286 manus
1155 2261 1254 2286 acce-

298 2317 423 2370 pisset,
453 2314 628 2365 multique
656 2326 735 2350 eum
763 2310 929 2363 juberent
958 2308 1119 2348 occidere
1149 2319 1182 2348 et
1211 2309 1256 2349 de

298 2377 417 2417 medio
436 2377 576 2424 tollere,
598 2374 628 2412 ei
652 2372 827 2427 pepercit,
849 2381 882 2410 et
906 2371 995 2409 iram
1023 2370 1128 2418 vicit,
1149 2370 1256 2423 idque

300 2454 381 2478 cum
418 2439 522 2476 sciret
556 2450 609 2484 se,
646 2435 673 2473 si
707 2448 787 2471 eum
807 2432 999 2471 dimitteret
1031 2431 1192 2481 hostem,
1223 2440 1255 2470 et

301 2497 632 2538 irreconciliabilem
676 2493 862 2533 inimicum
899 2507 974 2531 esse
1007 2492 1254 2532 dimissurum.

301 2561 371 2600 Sed
406 2571 522 2599 tamen
557 2572 669 2610 neque
698 2555 866 2595 memoria
888 2554 1165 2608 praeteritorum,
1193 2569 1257 2594 nec

302 2631 416 2660 metus
434 2621 653 2665 futurorum,
677 2629 790 2668 neque
806 2614 919 2653 ullum
941 2613 1039 2653 aliud
1061 2614 1256 2668 ejusmodi,

300 2697 382 2721 eum
409 2681 456 2719 ad
487 2680 587 2719 illam
618 2677 749 2717 caedem
771 2674 980 2729 patrandam
1002 2675 1147 2728 impulit
1166 2691 1174 2713 ε
1194 2675 1256 2715 sed

302 2743 471 2796 sapientia
504 2755 589 2779 usus
618 2749 686 2787 est,
717 2751 863 2776 manum
882 2736 1074 2785 continuit,
1102 2745 1135 2775 et
1166 2736 1256 2776 iram

304 2803 512 2850 refrenavit,
533 2801 728 2851 maluitque
750 2797 951 2852 periculum
977 2796 1095 2846 adire,
1118 2797 1258 2837 insidiis

303 2865 442 2919 appeti,
472 2879 491 2902 a
523 2863 634 2916 patria
669 2869 703 2900 et
734 2860 897 2899 libertate
928 2857 1113 2907 excidere,
1149 2873 1258 2910 quam

305 2927 515 2974 inimicum,
536 2925 597 2977 qui
622 2924 718 2962 nulla
747 2922 792 2960 de
813 2935 917 2960 causa
949 2920 980 2959 ei
1004 2919 1263 2970 insidiabatur,

304 2989 366 3043 qui
399 2997 477 3042 post
514 2984 787 3024 innumerabilia
828 2981 999 3021 beneficia
1042 2981 1073 3019 ei
1112 2991 1261 3021 mortem

307 3056 545 3103 moliebatur,
576 3051 736 3092 occidere.
767 3060 798 3089 et
820 3049 867 3089 de
894 3048 1012 3089 medio
1043 3049 1177 3089 tollere.
1202 3049 1261 3089 Ex
1283 3060 1308 3090 Λ

348 3198 360 3212 ·
385 3185 512 3230 ἕτοιμος
535 3194 593 3224 τοῖς
618 3190 744 3230 ἐχθροῖς.
764 3184 825 3216 uic
852 3190 947 3216 notat
965 3181 1108 3215 Saviliua
1133 3193 1140 3212 τ
1166 3195 1181 3210 n
1198 3186 1316 3225 Ιτοιμος

304 3251 370 3271 non
386 3239 540 3279 congruit
558 3237 632 3269 liuic
652 3237 739 3270 loco.
760 3237 947 3278 tntum-ea,
962 3235 1132 3278 expositus
1158 3235 1312 3265 inimicis.

301 3292 402 3324 Forte
420 3290 496 3333 legit
512 3293 627 3328 ἁῦοτος
645 3297 703 3322 mit
722 3287 828 3321 simile
850 3286 1011 3331 aliquid.n
1029 3285 1109 3319 Mihi
1132 3293 1221 3319 certe
1247 3298 1315 3319 non

301 3343 402 3388 liquet
421 3347 536 3384 ιτοιμος
553 3354 619 3374 non
637 3339 800 3384 quadrare
817 3338 860 3373 nd
880 3338 968 3374 bunc
992 3338 1102 3372 locum
1123 3350 1128 3369 τ
1154 3349 1227 3382 quie
1251 3349 1316 3371 vox

677 145 716 175 S.
754 144 942 175 suffixis
976 142 1221 173 cituYSOS‘r.
1263 143 1467 174 Ancmm’.
1507 144 1871 176 CONSTANTNGP.

1308 227 1395 280 σφόο
1398 243 1442 280 ρα
1459 229 1574 282 ἐαυτῷ
1593 230 1747 282 εθάρῥει,
1766 231 1829 268 οὐκ
1853 228 1895 266 ἂν
1922 229 2066 264 τοιαῦτα
2091 227 2263 277 ἐπηρατο.
2280 225 2331 264 “O

1307 288 1344 327 δὲ
1360 288 1453 340 λέγει
1470 291 1623 329 τοιοῦτόν
1643 292 1759 329 ἐστιν·
1779 292 1809 328 εἰ
1825 289 2002 336 ἠδίκησα,
2023 289 2052 326 εἷ
2068 286 2272 337 mamitus*
2287 287 2332 323 τὰ

1307 350 1366 388 καὶ
1386 351 1429 390 τὰ
1448 353 1613 403 πάθοιμι·
1636 354 1695 391 καὶ
1713 354 1790 390 καθ’
1815 354 1937 390 ἑαυτοῦ
1957 350 2022 396 τὴν
2042 351 2157 402 ψῆφον
2182 346 2335 399 ἐκφέρει,

1306 411 1366 450 καὶ
1385 414 1448 451 οὐκ
1467 413 1558 457 ἀξιοῖ
1576 414 1667 453 κατὰ
1686 414 1727 452 τὸ
1746 413 1874 464 μέτρον
1892 413 2076 464 κριθῆναι,
2102 408 2191 447 ἀλλὰ
2211 407 2335 458 πολλῷ

1309 475 1442 524 μᾶλλον
1455 474 1544 527 ὑπὲρ
1563 475 1628 522 τὴν
1649 475 1786 520 ἀξίαν
1768 474 1899 512 οιδόναι
1918 473 2020 519 τὴν
2002 473 2125 517 οίκην·
2145 485 2204 508 και
2222 467 2330 507 ὑπευ-

1309 538 1441 574 θυνον
1428 551 1549 575 εαυτον
1574 543 1667 576 ποιεῖ
1691 536 1853 580 κολάσει,
1876 529 1917 581 ἧς
1932 537 1951 573 ὁ
1966 535 2070 584 νόμος
2087 531 2191 570 αὐτὸν
2211 529 2334 582 εἴργει.

1311 596 1381 634 Και
1407 596 1471 648 ὅρα
1496 598 1581 636 ποία
1603 597 1715 643 αὐτή·
1749 595 1997 646 Ἀποπέσοιμι,
2024 594 2142 647 φησὶν,
2170 591 2241 630 ἀπὸ
2265 593 2337 628 τῶν

1311 658 1446 710 ἕχθρῶν
1475 675 1541 709 μου
1575 658 1685 702 κενός.
1715 656 1940 701 Καταδιώξαι
1973 657 2041 708 ἄρα
2073 657 2092 693 ὁ
2116 654 2238 707 ἐγθρὸς
2272 651 2338 697 τὴν

1311 720 1429 771 ψυχήν
1457 734 1524 770 μου
1536 749 1545 766 ,
1580 720 1638 757 καὶ
1663 718 1879 763 καταλάὸοι,
1913 717 1973 755 καὶ
2004 715 2257 761 καταπατῆσαι
2290 714 2341 754 εἰς

1311 781 1377 829 γῆν
1397 779 1462 826 τὴν
1486 781 1578 827 ζωήν
1599 795 1664 831 μου
1683 810 1692 825 ,
1715 780 1775 818 καὶ
1797 779 1862 826 τὴν
1882 778 1981 822 δόξαν
2003 792 2070 827 μου
2096 777 2145 819 εἰς
2171 778 2256 827 χοῦν
2271 789 2338 812 κα-

1313 841 1550 888 τασκηνώσαι.
1567 841 1773 887 Τουτέστιν,
1790 842 1927 891 ἄτιμον,
1948 838 2127 888 ἀνώνυμον
2144 835 2342 878 ἀπολέσειε,

1315 902 1405 951 μετὰ
1424 905 1486 949 τῆς
1504 905 1594 950 ζωῆς
1609 919 1675 953 μου
1694 904 1754 942 καὶ
1771 904 1833 949 τὴν
1849 903 1948 947 δόξαν
1968 916 2034 952 μου
2054 898 2275 952 διαφθείρειε.
2292 897 2326 935 Τ
2330 897 2342 934 ί

1314 962 1390 1000 ἐστι
1402 991 1412 1008 ,
1435 964 1503 1001 Καὶ
1517 964 1580 1010 τὴν
1598 964 1698 1008 δόξαν
1715 981 1782 1015 μου
1797 966 1845 1008 εἶς
1857 967 1942 1016 χοῦν
1958 960 2233 1007 κατασκηνώσαι
2245 973 2256 1005 ;
2269 958 2344 997 Τα-

1315 1023 1504 1070 πεινώσαι,
1525 1026 1684 1071 πατήσαι
1696 1041 1704 1049 ·
1724 1025 1890 1077 γενοίμην
1917 1029 1932 1045 ¹¹
1945 1025 2083 1074 ἕτοιμος
2101 1027 2172 1065 τοῖς
2188 1023 2345 1073 ἐχθροῖς,

1317 1083 1415 1134 φησί.
1441 1086 1475 1123 Τ
1478 1084 1489 1122 ί
1519 1085 1645 1136 γένοιτ’
1668 1085 1709 1123 ἃν
1739 1085 1956 1138 μιαρώτερον
1991 1089 2052 1123 τοῦ
2086 1079 2318 1130 Ἀὅεσσαλὼμ
2333 1110 2342 1125 ,

1317 1145 1412 1189 ὅστις
1439 1146 1598 1198 πατέρα,
1631 1147 1690 1186 καὶ
1720 1146 1858 1199 πατέρα
1884 1149 2051 1194 τοιοῦτον,
2079 1145 2188 1194 οὕτως,
2214 1143 2346 1194 ἥμερον

1319 1206 1379 1246 καὶ
1404 1208 1555 1254 ἐπιεικῆ,
1575 1208 1731 1255 ἐδίωκεν,
1748 1207 1900 1259 ἀσελγὴς
1918 1207 1965 1245 ὣν
1990 1206 2050 1245 καὶ
2075 1205 2268 1247 ἀκόλαστος
2286 1202 2346 1242 καὶ

1320 1268 1512 1321 ὓὸριστήςς
1538 1269 1586 1308 Τί
1605 1263 1685 1316 οὐκ
1706 1272 1768 1308 οὐκ
1792 1269 1953 1308 ἀπέδωκε
1970 1273 2042 1311 τοῖς
2060 1266 2347 1305 ἀνταποδιδοῧσιν

1320 1333 1416 1384 αὐτῷ
1434 1331 1526 1386 κακὰ
1538 1362 1547 1378 ,
1564 1331 1642 1370 οὐδὲ
1659 1331 1963 1382 ἐμνησικάκησεν;
1982 1330 2169 1380 Οὐδαμῶς.
2187 1327 2264 1367 Κᾶν
2277 1327 2348 1373 ἐξε-

1320 1394 1430 1446 τάσῃς
1456 1397 1517 1432 τοῦ
1543 1393 1661 1432 Σαοὺλ
1686 1393 1750 1441 τὴν
1778 1393 1951 1445 ἱστορίαν,
1982 1391 2060 1429 τότε
2088 1390 2244 1441 μάλιστα
2270 1390 2349 1441 ὄψει

1321 1456 1453 1502 ταύτην
1469 1455 1533 1502 τὴν
1550 1454 1667 1507 φωνὴν
1688 1454 1967 1505 διαλάμπουσαν.
1988 1454 2022 1491 Τ
2023 1453 2060 1491 ὸν
2076 1452 2145 1503 γὰρ
2168 1449 2259 1501 μετὰ
2282 1465 2348 1501 μυ·

1324 1517 1396 1569 ρίας
1416 1516 1635 1568 εὐεργεσίας,
1657 1516 1716 1554 καὶ
1734 1516 1778 1554 τὰ
1800 1515 1970 1567 τρόπαια,
1991 1513 2051 1552 καὶ
2076 1513 2140 1556 τὰς
2160 1511 2257 1555 νίκας
2277 1511 2351 1549 ἀδι-

1323 1582 1451 1616 κοῦντα
1465 1608 1474 1625 ,
1493 1578 1551 1615 καὶ
1570 1576 1839 1616 ἑπιῧουλεύοντα
1850 1608 1860 1625 ,
1879 1576 1939 1614 καὶ
1956 1577 2088 1614 ἀνελεῖν
2104 1572 2184 1613 καθ’
2199 1572 2352 1618 ἑκάστην

1323 1641 1559 1691 ἐπιθυμοῦντα
1575 1638 1639 1685 τὴν
1658 1639 1808 1691 ἡμέραν,
1825 1638 1944 1676 λαὸὼν
1966 1640 2013 1681 εἷς
2029 1643 2148 1690 χεῖρας
2163 1636 2223 1675 καὶ
2238 1633 2351 1680 ἅπαξ,

1325 1702 1384 1740 καὶ
1405 1701 1476 1748 δὶς,
1504 1700 1564 1739 καὶ
1582 1701 1753 1744 πολλάκις
1778 1699 2012 1747 καθεύδοντα,
2040 1699 2098 1737 καὶ
2127 1697 2287 1749 καθάπερ
2316 1697 2352 1734 ἐν

1325 1763 1557 1816 δεσμωτηρίῳ
1571 1761 1901 1814 συγκεκλεισμένον,
1921 1760 1981 1799 καὶ
1997 1759 2195 1813 δορυφόρων
2208 1758 2352 1811 ἔρημον,

1325 1825 1466 1863 πολλῶν
1485 1823 1762 1876 ἐγκελευομένων
1783 1822 1913 1875 σφάξαι
1927 1822 1986 1861 καὶ
2006 1824 2155 1867 α’νελεῖν,
2177 1820 2355 1873 ἐφείσατο,

1326 1886 1342 1906 ¹’
1354 1886 1414 1925 καὶ
1433 1888 1495 1932 τῆς
1509 1888 1615 1939 ὀργῆς
1630 1885 1802 1938 ἐκράτησε
1815 1913 1824 1930 ,
1844 1885 1903 1924 καὶ
1923 1888 2035 1923 ταῦτα
2053 1883 2169 1930 εἰδὼς,
2186 1883 2239 1921 ὅτι
2256 1881 2355 1935 ἀφεὶς

1328 1947 1430 1986 αὐτὸν
1451 1947 1642 2000 διαφυγεῖν,
1668 1947 1835 1997 πολέμιον
1856 1946 1984 1999 ἀφήσει
2010 1947 2123 1998 ἐαυτῷ
2144 1944 2202 1984 καὶ
2230 1943 2354 1996 ἐχθρὸν

1328 2009 1607 2047 ἀκατάλλακτον.
1625 2007 1716 2046 Ἀλλ’
1739 2009 1832 2059 ὅμως
1851 2007 1929 2046 οὔτε
1945 2011 1966 2054 ἡ
1987 2007 2111 2059 μνήμη
2135 2009 2205 2045 τῶν
2224 2006 2355 2058 παρελ-

1328 2070 1470 2115 θόντων,
1490 2069 1569 2108 οὔτε
1589 2073 1606 2108 ὁ
1631 2069 1735 2122 φόὸος
1755 2072 1823 2107 τῶν
1851 2069 2062 2120 μελλόντων,
2082 2069 2160 2107 οὔτε
2180 2068 2268 2106 ἄλλο
2284 2069 2355 2105 τῶν

1327 2131 1493 2168 τοιούτων
1520 2130 1618 2169 οὐδὲν
1638 2132 1686 2173 εἰς
1706 2130 1769 2176 τὴν
1791 2129 1928 2182 σφαγὴν
1956 2130 2058 2168 αὐτὸν
2079 2129 2246 2181 ἐξήγαγεν
2266 2128 2356 2166 ἐκεί·

1328 2208 1390 2238 νην
1403 2207 1411 2215 ·
1426 2193 1503 2230 ἀλλ’
1523 2192 1738 2245 ἐφιλοσόφει,
1757 2192 1816 2230 καὶ
1836 2194 1898 2237 τῆς
1917 2192 2032 2243 χειρὸς
2048 2190 2200 2243 ἐκράτει,
2217 2189 2277 2228 καὶ
2297 2189 2356 2227 τὸν

1329 2253 1437 2304 θυμὸν
1463 2253 1642 2305 ἐχαλίνου,
1672 2253 1731 2291 καὶ
1751 2255 1871 2305 ᾑρεῖτο
1889 2252 2098 2291 κινδυνεύειν
2122 2252 2181 2291 καὶ
2208 2251 2353 2290 ἐπιδου-

1330 2315 1491 2354 λεύεσθαι
1517 2316 1663 2365 μᾶλλον,
1689 2315 1747 2353 καὶ
1774 2317 1836 2360 τ’ἧς
1866 2314 2032 2367 πατρίδος
2056 2315 2162 2360 αὐτῆς
2194 2315 2356 2352 ἐκπεσεῖν

1330 2376 1389 2415 καὶ
1405 2378 1468 2421 τῆς
1488 2375 1684 2427 ἐλευθερίας
1697 2406 1707 2423 ‚
1732 2375 1754 2422 ἢ
1775 2375 1832 2413 τὸν
1851 2377 1974 2428 ἐχθρὸν
1990 2376 2048 2415 τὸν
2065 2378 2142 2428 εἰκῇ
2161 2375 2221 2414 καὶ
2239 2375 2354 2426 μάτην

1331 2439 1426 2490 αὐτῷ
1443 2436 1734 2482 ἑπιόουλεύοντα,
1752 2437 1810 2475 τὸν
1830 2437 1920 2488 μετὰ
1940 2438 2064 2490 μυρίας
2080 2438 2280 2490 εὐεργεσίας
2295 2450 2355 2489 φο·

1331 2501 1444 2537 νῶντα
1457 2530 1466 2545 ,
1483 2497 1611 2551 σφάξαι
1630 2498 1689 2536 καὶ
1709 2500 1857 2536 ἀνελεῖν.
1882 2500 1951 2537 Καὶ
1970 2499 2005 2544 ἐξ
2026 2499 2152 2551 ἑτέρων
2181 2498 2218 2537 δὲ
2237 2497 2357 2536 πλειό·

1331 2577 1397 2598 νων
1418 2560 1510 2598 ἐστὶν
1527 2560 1611 2597 ἰδεῖν
1625 2561 1689 2605 τὴν
1708 2560 1893 2613 φιλόσοφον
1910 2562 2015 2598 αὐτοῦ
2031 2560 2185 2599 διάνοιαν
2198 2576 2206 2584 ·
2226 2560 2281 2598 διὸ
2298 2559 2358 2598 καὶ

1331 2623 1503 2674 ἐπαρᾶται
1524 2622 1619 2659 αὐτῶ
1636 2619 1750 2658 πολλὰ
1769 2637 1827 2658 και
1847 2621 2009 2673 χαλεπὰ,
2029 2616 2100 2660 οἷον
2118 2621 2159 2659 τὸ
2178 2621 2356 2674 ἄπρακτον

1330 2685 1544 2729 ἐπανελθεῖν,
1572 2682 1613 2721 rb
1640 2697 1719 2725 τους
1725 2682 1894 2757 “gy-Opem
1914 2698 2089 2734 κρατῆσαι
2112 2682 2201 2734 μετὰ
2225 2684 2359 2729 πολλῆς

1332 2748 1394 2791 τῆς
1420 2744 1613 2797 παρουσίας
1642 2744 1770 2789 αὐτοῦ,
1803 2743 1843 2780 τὸ
1875 2743 2056 2794 ἀνώνυμον
2087 2746 2285 2791 ἀποθανεῖν,
2319 2744 2359 2782 τὸ

1332 2805 1429 2858 παρὰ
1450 2804 1628 2855 πολεμιων
1647 2807 1750 2841 τοῦτο
1775 2804 1949 2850 παθεῖν,ὃ
1968 2803 2056 2843 πολυ
2075 2821 2135 2843 του
2156 2808 2270 2843 θανεῖν
2290 2821 2357 2858 χα-

1331 2866 1532 2918 λεπώτερον
1562 2858 1649 2904 εἶναι
1677 2865 1790 2902 δοκεῖ·
1815 2866 1869 2904 διὸ
1894 2865 1953 2903 καὶ
1981 2864 2089 2917 μυρία
2114 2866 2359 2919 μηχανήματα

1333 2935 1440 2975 ποιεῖ,
1454 2927 1540 2980 πρὸς
1553 2927 1593 2965 rb
1605 2926 1693 2977 μετὰ
1704 2926 1769 2973 τὴν
1780 2926 1945 2973 τελευτὴν
1962 2928 2253 2978 μνημονεύεσθαι.
2261 2928 2361 2982 ’θρα

1279 3021 1310 3047 ω
1333 2990 1446 3027 τοίνυν
1472 2989 1537 3026 ὅσα
1565 2989 1678 3039 ἑαυτῳ
1707 2981 1899 3039 ἐπαρᾶται·
1926 2987 1966 3025 τὸ
1991 2989 2144 3035 ἀνηνυτα
2169 2995 2298 3037 πονεῖν,
2321 2990 2362 3028 τὸ

1333 3050 1401 3090 υπὸ
1420 3067 1488 3089 των
1509 3052 1644 3103 εχθρῶν
1667 3052 1883 3095 ἡττηθῆναι,
1910 3050 1950 3088 rb
1975 3052 2174 3098 ἀποθανεῖν,
2200 3052 2241 3090 τὸ
2269 3052 2360 3102 μηδὶ

1349 3189 1426 3225 npte
1443 3182 1601 3225 exprimit
1617 3186 1976 3229 e.r1mgnaeufim'!cne.

1395 3235 1412 3259 ¹2
1437 3235 1509 3267 Duo
1533 3236 1610 3268 Mas.
1641 3243 1688 3271 ni
1714 3246 1765 3275 τῆς
1793 3245 1949 3281 ἐπιθυμίας
1963 3244 2117 3281 ὺρὰτητι.
2139 3240 2253 3274 Melior
2267 3239 2361 3275 vidr—

1351 3294 1404 3319 tur
1418 3284 1508 3319 Editi
1525 3285 1633 3319 lectio.
