2430 3721
289 143 383 205 684

282 244 428 294 jectam,
454 259 562 297 quam
597 247 684 287 'uste
716 249 871 300 regebat.
889 249 1088 287 Consilium
1120 259 1238 288 autem

286 305 502 336 constantem
521 299 555 337 in
632 314 690 339 um
710 300 877 339 fiduciam
899 301 1108 353 appellavit.
1125 301 1240 341 Aliter

284 348 404 388 etiam.
424 351 734 399 Quemadmodum
754 353 788 390 in
814 353 1054 392 contractibus
1071 367 1238 407 personas

286 403 461 455 respicere
479 416 546 441 non
575 404 796 455 oportet.·ita
825 405 913 444 dum
938 406 1128 445 eonsilium
1145 408 1236 460 peti·

285 467 379 497 mus,
398 469 466 493 non
494 455 540 493 ad
556 455 779 504 (limitatam,
801 470 914 510 neque
941 458 987 497 ad
1016 472 1103 513 opes
1125 460 1236 514 respi-

284 506 450 545 ciendum
468 516 534 552 est,
548 487 617 546 sed³
628 508 673 546 ad
690 517 842 549 mentem
861 520 896 550 et
907 511 1036 550 bonam
1055 513 1235 552 conscien-

283 558 382 597 tiam.
405 564 447 597 At
476 559 511 596 ui
528 559 646 599 ,ludaei
665 561 856 602 consilium
872 564 1069 604 Salvator-is
1085 566 1235 604 consun-

282 610 367 649 dere
384 574 612 661 studuerunt,
626 628 708 652 eum
731 628 928 673 pauperem
952 631 1028 656 esse
1044 618 1236 669 quemdam

281 664 504 710 arbitrantes,
526 678 593 703 non
623 665 823 706 divinitatis
841 668 1002 708 divitias.
1021 671 1233 710 Calumnia-

281 715 511 756 banturenim
529 727 563 756 et
580 717 777 757 doctrinam
792 722 870 774 ejus
885 731 919 760 et
938 722 1121 772 miracula,
1132 724 1233 775 quasi

278 768 402 807 divina
422 783 490 808 non
505 780 632 810 essent.
653 773 692 810 7.
720 775 815 820 Quis
831 774 942 813 dabit
955 789 1004 812 ex
1021 775 1116 814 Sion
1131 778 1234 816 salu·

280 830 362 860 tare
380 824 504 861 Israel
516 827 533 860 ?
544 824 638 862 Cum
654 830 884 864 converterit
906 828 1095 868 Dominus
1113 833 1233 881 capei-

280 877 434 912 vitatem
445 875 570 928 plebis
581 890 674 924 suoe,
685 878 896 918 ezsuhabst
907 880 1047 928 Jacob,
1068 890 1104 920 et
1119 882 1232 921 loeta-

278 928 382 965 bitur
415 929 553 967 Israel.
575 931 666 968 Cum
697 944 818 969 omnes
845 932 891 971 ab
919 946 960 971 eo
980 931 1230 985 declinassent,

272 980 346 1030 jam
365 994 457 1032 opus
479 990 552 1020 emt
568 995 624 1026 eo,
653 983 713 1034 qui
744 993 884 1036 peccata
912 994 1027 1038 posset
1054 988 1232 1028 remittere

275 1045 314 1069 ac
329 1032 480 1072 salvare.
502 1036 567 1072 Ex
583 1036 686 1074 Sion
713 1050 798 1075 vero
823 1037 971 1085 dicitur,
1018 1039 1089 1078 uod
1106 1054 1152 1079 ex
1172 1055 1228 1081 se·

73 1108 169 1138 lans
211 1120 248 1141 ω
275 1084 369 1122 mine
391 1085 538 1125 Davidis
562 1096 677 1138 esset;
701 1088 896 1128 secundum
922 1091 989 1129 illu
1022 1121 1032 1136 ,
1053 1093 1119 1131 Ex
1135 1093 1229 1133 Sion

76 1119 260 1196 1·‚-„1.{'‹‘‚‚2s
274 1141 420 1184 veniet,
432 1142 500 1191 qui
515 1140 647 1178 liberet
661 1159 675 1186 ;
688 1151 721 1180 et
741 1156 880 1189 rursus,
897 1145 962 1182 Ex
978 1143 1073 1183 Sion
1086 1149 1229 1198 species

192 1192 199 1197 “
273 1192 367 1240 ejus.
386 1193 487 1230 Potes
515 1193 621 1231 etiam
639 1193 757 1233 dicere
783 1209 829 1234 ex
855 1197 956 1243 Sion,
978 1211 1058 1249 quae
1084 1212 1228 1240 sursum

272 1253 347 1280 est:
372 1258 452 1296 spes
478 1245 612 1298 quippe
647 1257 765 1286 nostra
796 1262 945 1299 regnum
973 1251 1141 1291 caelorum
1160 1262 1222 1292 est.

271 1296 363 1335 Cum
381 1311 464 1335 vero
483 1298 590 1337 salvae
623 1300 721 1338 t'actae
740 1301 870 1339 suerint
896 1311 1029 1354 gentes,
1047 1303 1135 1355 justi
1163 1307 1225 1365 qui

271 1361 353 1387 vere
365 1359 447 1388 sunt
462 1351 567 1389 lsrael
586 1365 626 1390 ac
645 1353 826 1406 prophetae
839 1355 1084 1403 exsultabunt,
1106 1358 1226 1397 nobis·

269 1414 339 1451 que
357 1403 713 1454 congratulabuntur,
733 1406 830 1457 quod
849 1407 1009 1459 ipsorum
1037 1410 1225 1462 prophetia

268 1454 374 1493 suerit
395 1455 554 1508 impleta.
577 1458 668 1496 Nam
684 1467 716 1496 et
730 1460 900 1510 Symeon,
916 1474 997 1499 cum
1013 1462 1162 1500 Lumen
1173 1465 1227 1502 ad

266 1508 542 1546 revelationem
552 1513 721 1561 gentium
732 1511 953 1551 salvatorem
969 1527 1044 1552 esse
1057 1513 1223 1561 dixisset,

208 1572 217 1580 ·
265 1558 444 1611 adjungit,
473 1563 524 1598 Ec
551 1562 714 1613 gloriam
744 1565 866 1616 plebis
899 1574 975 1604 τιατ
1002 1567 1141 1605 Israel.
1165 1569 1223 1608 Fit

265 1621 381 1651 autem
400 1614 538 1665 captiva
560 1629 621 1668 per
643 1615 817 1654 desidiam
840 1618 956 1656 anima
973 1618 1060 1657 dum
1080 1630 1223 1672 peccato

266 1665 458 1716 subjicitur
473 1681 513 1705 ac
528 1667 690 1716 diabolo,
712 1678 746 1708 et
763 1669 899 1708 excidit
917 1684 936 1708 a
954 1671 1088 1710 virtute
1109 1689 1116 1710 :
1136 1687 1221 1713 con-

265 1719 415 1756 vertitur
427 1728 543 1758 autem
556 1734 637 1758 cum
652 1735 715 1773 per
724 1721 965 1774 poenitentiam
978 1724 1220 1766 remissionem

267 1769 416 1814 obtinet,
437 1785 542 1822 quam
564 1786 626 1824 per
645 1788 786 1813 crucem
799 1774 946 1826 largitus
961 1785 1013 1814 est
1029 1778 1218 1819 Dominus.

264 1822 377 1861 Pon-o
396 1823 487 1862 idein
508 1834 681 1876 quatenus
698 1827 807 1865 animi
829 1829 1112 1879 perturbationes
1129 1846 1218 1886 sup-

265 1875 488 1927 plantaturus
504 1887 570 1923 est,
583 1879 695 1918 Jacob
705 1879 856 1928 dicitur,
871 1881 1036 1932 quidum
1047 1884 1220 1937 malignas

230 1922 245 1939 ’·
265 1928 426 1975 virtutes,
448 1944 527 1981 quae
547 1930 627 1970 illas
653 1932 871 1985 ingenerant,
893 1934 1018 1980 vincit,
1037 1938 1192 1977 exsultat
1209 1956 1217 1978 :

262 1990 434 2032 quatenus
466 1992 582 2021 autem
610 1995 783 2037 purgatus
813 1988 929 2025 Deum
960 1987 1072 2037 videt,
1107 1991 1217 2032 Israel

261 2034 476 2086 appellatur.
495 2037 599 2075 Mens
622 2038 716 2076 enim
738 2048 789 2077 est
811 2040 924 2078 Deum
941 2040 1079 2081 videns.
1104 2043 1218 2084 Aliter

262 2096 376 2124 autem
417 2096 544 2139 praeter
594 2091 815 2143 prophetiam
858 2091 904 2130 de
935 2092 1078 2133 Christo
1119 2106 1217 2150 optat

260 2139 380 2184 etimn,
404 2149 441 2178 ut
459 2140 580 2178 decem
598 2143 730 2188 tribus,
745 2158 823 2194 qua:
840 2145 875 2182 in
903 2145 1143 2197 captivitatem
1161 2164 1215 2189 re·

260 2190 371 2228 dacta:
391 2192 544 2239 fuerant,
567 2193 601 2231 in
622 2194 819 2233 libertatem
841 2196 1080 2247 vindicentur,
1093 2214 1215 2251 quem-

259 2242 452 2281 admodum
479 2245 677 2285 Jerusalem
696 2247 882 2285 obsidione
901 2249 1046 2288 liberata
1065 2261 1131 2290 est.
1152 2254 1214 2293 Sic

259 2295 353 2334 enim
374 2305 407 2334 et
425 2296 491 2349 ipsi
526 2297 830 2351 ltetabuntur‚qui
859 2310 892 2339 et
921 2302 1034 2341 Jacob
1062 2313 1145 2342 sunt
1176 2315 1209 2344 et

258 2348 380 2386 lsi-acl.
405 2349 509 2387 Faxit
527 2359 645 2390 autem
666 2353 760 2390 Deus
787 2362 823 2391 ut
855 2367 932 2399 nos,
954 2354 1015 2393 ubi
1038 2355 1148 2395 vitam
1165 2359 1213 2396 ab

257 2401 353 2438 omni
374 2401 603 2450 titubatione,
625 2418 707 2442 casu
727 2414 760 2443 et
782 2406 882 2445 ruina
915 2407 1107 2447 immunem
1134 2419 1208 2448 tra-

256 2453 482 2499 duxerimus,
499 2454 544 2493 ad
574 2470 722 2506 regnum
743 2458 914 2498 coelorum
945 2464 1207 2512 perveniamus,

256 2505 388 2544 Christi
407 2506 534 2559 gratia,
553 2522 658 2560 quem
683 2509 782 2549 decet
808 2511 920 2564 gloria
939 2521 972 2551 et
999 2512 1205 2567 imperium.

259 2571 350 2597 nunc
371 2568 404 2597 et
419 2572 570 2612 semper,
584 2571 617 2600 et
634 2562 668 2600 in
688 2564 816 2603 saecula
832 2564 1059 2604 mulorum.
1082 2570 1204 2606 Amen.

94 1492 124 1508 ιιι
158 1491 185 1511 2.
201 1482 250 1512 32.

62 2012 235 2045 Gen3228

1228 167 1401 200 SPUMA.

1316 251 1460 298 θήσεται
1480 252 1634 303 Ἰσραήλ.
1653 252 1802 290 Πάντων
1823 254 2058 293 ἐκκλινάντων
2076 256 2199 305 αὐτοῦ,
2221 255 2342 296 λοιπὸν

1315 313 1419 365 χρεία
1437 313 1628 364 δυναμένου
1659 314 1721 359 τὰς
1747 315 1923 368 ἁμαρτίας
1950 319 2111 370 ἀφεῖναι,
2130 318 2191 357 καὶ
2215 320 2340 358 σῶσαι.

1313 374 1380 414 Ἐκ
1405 374 1500 414 Σιὼν
1533 374 1568 413 δὲ
1602 375 1767 427 λέγεται,
1786 376 1844 416 διὰ
1874 377 1915 416 τὸ
1950 379 1990 417 ἐκ
2016 378 2218 431 σπέρματος
2252 373 2341 419 εἶναι

1312 435 1424 480 Δαυίδ
1434 452 1442 460 ·
1469 437 1560 475 κατὰ
1579 437 1635 486 τὸ,
1655 438 1759 483 ἽΙξει
1776 439 1816 476 ἐκ
1835 438 1930 478 Σιὼν
1945 442 1964 478 ὃ
1983 440 2146 491 ῥυόμενος
2158 456 2167 464 ·
2187 440 2247 479 καὶ
2265 441 2338 480 πά-

1311 498 1387 543 λιν,
1409 497 1475 536 Ἐκ
1494 498 1587 537 Σιὼν
1615 502 1638 546 ἡ
1664 499 1855 552 εὐπρέπεια
1885 501 2002 539 αὐτοῦ.
2023 500 2146 553 Myon<
2165 502 2196 540 δ’
2219 501 2262 540 ἂν
2279 503 2340 541 καὶ

1309 561 1371 605 τῆς
1397 558 1469 597 ἅνω
1496 559 1591 598 Σιὼν
1602 591 1612 608 ,
1628 562 1687 600 καὶ
1716 564 1738 608 ἡ
1754 560 1853 605 ἐλπὶς
1875 560 1911 600 δὲ
1927 564 2030 612 ἡμῶν
2047 564 2070 608 ἡ
2089 562 2251 614 βασιλεία
2268 564 2340 602 τῶν

1309 625 1480 677 οὐρανῶν.
1495 623 1578 662 Τῶν
1595 622 1631 662 δὲ
1646 625 1751 662 ἐθνῶν
1767 623 1986 674 σωζομένων,
2000 625 2032 662 οἱ
2044 623 2339 678 ἀληθῶςἸσρα-ἡλ

1309 686 1458 734 δίκαιοι,
1479 687 1539 725 καὶ
1569 689 1749 739 προφῆται
1784 684 2058 736 ἀγαλλιάσονται
2089 685 2339 739 συγχαίροντις

1309 749 1414 798 ἡμῖν,
1441 748 1500 786 καὶ
1519 747 1765 800 πληρουμένης
1794 748 1909 785 αὐτῶν
1933 748 1996 793 τῆς
2022 746 2247 800 προφητείας.
2267 747 2339 787 Καὶ

1310 808 1458 859 Συμεὼν
1477 808 1545 861 γὰρ
1565 810 1652 853 Φῶς
1676 811 1724 853 εἰς
1744 808 1966 862 ἀποκάλυψιν
1983 810 2090 849 ἐθνῶν
2108 808 2168 847 τὸν
2183 809 2338 863 Σωτῆρα

1309 870 1436 922 φήσας,
1455 871 1601 922 ἐπάγει,
1622 871 1693 911 Καὶ
1713 870 1794 915 δόξα
1815 871 1901 910 λαοῦ
1927 885 1988 909 σου
2010 869 2168 923 Ἰσραήλ.
2190 872 2335 926 Αἰχμα-

1307 932 1491 977 λωτίζεται
1516 932 1551 970 δὲ
1570 932 1666 985 ψυχὴ
1687 931 1743 970 διὰ
1764 931 1933 985 ῥᾳθυμίας
1962 933 2019 985 ὑφ’
2041 932 2217 985 ἁμαρτίαν
2234 948 2334 985 γενο-

1307 992 1395 1043 μένη
1425 992 1491 1032 καὶ
1512 993 1570 1032 τὸν
1600 993 1783 1041 διάὸολον,
1811 993 1872 1032 καὶ
1890 994 2088 1032 ἐκπεσοῦσα
2103 995 2165 1041 τῆς
2187 995 2334 1047 ἀρετ-’ῆς-

1304 1053 1507 1106 ἐπιστρίφει
1525 1053 1561 1093 δὲ
1577 1057 1732 1106 τυχοῦσα
1749 1053 1806 1092 διὰ
1827 1054 2011 1105 μετανοίας
2031 1055 2204 1108 ἀφέσεως,
2219 1055 2263 1102 ἣν
2277 1056 2334 1095 διὰ

1241 1145 1290 1170 5„
1303 1119 1364 1154 τοῦ
1385 1120 1536 1168 σταυροῦ
1562 1114 1740 1168 παρέσχεν
1755 1118 1774 1153 ὁ
1791 1114 1931 1168 Κύριος.
1950 1116 1997 1155 Ὁ
2016 1117 2119 1161 αὐτὸς
2139 1116 2177 1156 δᾶ
2189 1144 2201 1163 ,
2217 1119 2296 1157 καθ’
2314 1118 2334 1157 8

1254 1184 1278 1213 Α
1304 1177 1427 1228 μέλλει
1444 1177 1639 1231 πτερνίζειν
1666 1176 1711 1214 τὰ
1728 1176 1833 1248 fiori
1847 1206 1858 1222 ,
1875 1176 2017 1227 λέγεται
2045 1176 2177 1216 'lube
2190 1206 2200 1225 ,
2220 1179 2333 1230 ἀγαλ·

1303 1239 1472 1290 λιώμενος
1491 1240 1526 1277 ἐν
1545 1240 1596 1291 τῷ
1614 1239 1757 1284 νικῆσαι
1778 1237 1841 1282 τὰς
1866 1238 2072 1291 ἐνεργούσας
2098 1242 2212 1278 ταῦτα
2229 1239 2333 1279 δυνό-

1303 1317 1379 1351 μεις
1392 1317 1399 1324 ·
1414 1302 1491 1339 καθ’
1509 1299 1528 1338 ὃ
1542 1299 1577 1338 δὲ
1597 1299 1780 1353 καθαρθεὶς
1795 1302 1860 1352 ὁρᾷ
1875 1299 1933 1339 τὸν
1946 1299 2051 1349 Θεὸν,
2068 1299 2227 1354 Ἰσραήλ.
2239 1301 2333 1347 Νοῦς

1300 1362 1368 1414 γάρ
1391 1363 1486 1400 ἐστιν
1505 1363 1594 1412 ὁρῶν
1619 1361 1724 1401 Θεόν.
1758 1361 1829 1400 Καὶ
1848 1361 1962 1405 ἄλλως
1994 1360 2030 1400 δὲ
2054 1361 2141 1414 πρὸς
2170 1364 2215 1415 τῇ
2239 1363 2331 1403 κατὰ

1303 1423 1454 1475 Χριστὸν
1485 1422 1681 1476 προφητεία
1715 1422 1878 1475 εὔχεται,
1898 1422 1958 1462 καὶ
1987 1422 2049 1467 τὰς
2075 1422 2225 1468 ἁλούσας
2244 1423 2329 1464 δέκα

1300 1482 1408 1535 φυλὰς
1425 1484 1718 1535 ἐλευθερωθῆναι,
1744 1485 1904 1537 καθάπερ
1923 1483 2159 1536 Ἰερουσαλὴμ.
2175 1487 2240 1533 τῆς
2262 1501 2329 1525 πο-

1299 1544 1453 1596 λιορκίας
1476 1544 1639 1597 ἕρῤύσῡη.
1659 1544 1766 1583 Οὕτω
1784 1544 1851 1597 γὰρ
1870 1545 2168 1599 εὐφρανθήσονται
2187 1547 2247 1586 καὶ
2265 1549 2327 1586 αὖ·

1298 1607 1349 1645 τοὶ
1371 1606 1500 1645 'lambe‘
1530 1607 1590 1645 καὶ
1622 1605 1767 1659 Ἰσραὴλ
1795 1607 2083 1659 χρηματίζοντες.
2114 1607 2257 1647 Γένοιτο
2290 1609 2326 1648 δὶ

1297 1668 1429 1711 πάντας
1448 1671 1541 1719 ἡμᾶς
1561 1667 1765 1716 ἀσάλευτον,
1785 1668 1843 1706 καὶ
1861 1667 2053 1715 ἀνόλισΟον,
2073 1668 2132 1707 καὶ
2151 1668 2327 1709 ἀδιάπτω-

1296 1744 1354 1767 τον
1375 1729 1449 1780 βίον
1468 1732 1599 1774 ζῶντας
1619 1729 1747 1781 φθάσαι
1765 1728 1829 1775 τὴν
1849 1732 1919 1767 τῶν
1944 1731 2098 1782 οὐρανῶν
2118 1730 2324 1783 βασιλείαν,

1294 1792 1414 1843 χάριτι
1434 1791 1587 1843 Χριστοῦ
1600 1819 1610 1838 ,
1624 1784 1654 1843 ᾧ
1672 1789 1800 1844 πρέπει
1815 1793 1837 1837 ἡ
1858 1789 1939 1834 δόξα
1956 1789 2017 1829 καὶ
2035 1790 2075 1830 τὸ
2096 1791 2246 1843 κράτος,
2265 1795 2324 1832 νῦν

1295 1851 1353 1891 καὶ
1374 1851 1441 1901 ἀεὶ,
1461 1852 1520 1890 καὶ
1540 1853 1588 1896 εἷς
1605 1851 1684 1896 τοὺς
1705 1853 1831 1896 αἰῶνας
1849 1854 1920 1891 τῶν
1938 1851 2089 1892 αἰώνων.
2112 1851 2234 1905 Ἀμήν.
