<?xml version="1.0" encoding="UTF-8"?>
<!DOCTYPE html PUBLIC "-//W3C//DTD XHTML 1.0 Transitional//EN"
    "http://www.w3.org/TR/xhtml1/DTD/xhtml1-transitional.dtd">
<html xmlns="http://www.w3.org/1999/xhtml" xml:lang="en" lang="en">
 <head>
  <title>
</title>
<meta http-equiv="Content-Type" content="text/html;charset=utf-8" />
  <meta name='ocr-system' content='tesseract 3.04.00' />
  <meta name='ocr-capabilities' content='ocr_page ocr_carea ocr_par ocr_line ocrx_word'/>
</head>
<body>
  <div class='ocr_page' id='page_1' title='image "./operaomniaquaeex05johnuoft/operaomniaquaeex05johnuoft_0590.png"; bbox 0 0 2430 3721; ppageno 0'>
   <div class='ocr_carea' id='block_1_1' title="bbox 305 287 400 336">
    <p class='ocr_par' dir='ltr' id='par_1_1' title="bbox 305 287 400 336">
     <span class='ocr_line' id='line_1_1' title="bbox 305 287 400 336; baseline 0 0"><span class='ocrx_word' id='word_1_1' title='bbox 305 287 400 336; x_wconf 88' lang='lat'>558</span> 
     </span>
    </p>
   </div>
   <div class='ocr_carea' id='block_1_2' title="bbox 101 386 1260 1605">
    <p class='ocr_par' dir='ltr' id='par_1_2' title="bbox 101 386 1260 1605">
     <span class='ocr_line' id='line_1_2' title="bbox 101 386 1256 443; baseline -0.002 -19"><span class='ocrx_word' id='word_1_2' title='bbox 101 397 170 426; x_wconf 65' lang='grc' dir='ltr'>«ιι-η-</span> <span class='ocrx_word' id='word_1_3' title='bbox 185 403 212 427; x_wconf 74' lang='lat' dir='ltr'>et</span> <span class='ocrx_word' id='word_1_4' title='bbox 225 403 289 427; x_wconf 76' lang='lat' dir='ltr'>tan·</span> <span class='ocrx_word' id='word_1_5' title='bbox 302 390 367 430; x_wconf 77' lang='lat' dir='ltr'>sed</span> <span class='ocrx_word' id='word_1_6' title='bbox 385 398 423 429; x_wconf 88' lang='lat' dir='ltr'>nt</span> <span class='ocrx_word' id='word_1_7' title='bbox 440 402 505 443; x_wconf 76' lang='lat' dir='ltr'>per</span> <span class='ocrx_word' id='word_1_8' title='bbox 519 386 729 442; x_wconf 81' lang='lat' dir='ltr'>hujusmodi</span> <span class='ocrx_word' id='word_1_9' title='bbox 754 387 928 427; x_wconf 82' lang='lat' dir='ltr'>humanas</span> <span class='ocrx_word' id='word_1_10' title='bbox 956 386 1143 432; x_wconf 78' lang='lat' dir='ltr'><strong>dictiones,</strong></span> <span class='ocrx_word' id='word_1_11' title='bbox 1162 398 1256 423; x_wconf 82' lang='lat' dir='ltr'>cras-</span> 
     </span>
     <span class='ocr_line' id='line_1_3' title="bbox 103 447 1256 491; baseline -0.008 2"><span class='ocrx_word' id='word_1_12' title='bbox 103 449 181 477; x_wconf 59' lang='lat'>⁸⁰¹²²</span> <span class='ocrx_word' id='word_1_13' title='bbox 302 452 413 491; x_wconf 82' lang='lat' dir='ltr'>siores</span> <span class='ocrx_word' id='word_1_14' title='bbox 439 450 621 490; x_wconf 83' lang='lat' dir='ltr'>auditores</span> <span class='ocrx_word' id='word_1_15' title='bbox 654 459 806 489; x_wconf 84' lang='lat' dir='ltr'>terreat:</span> <span class='ocrx_word' id='word_1_16' title='bbox 828 448 874 486; x_wconf 90' lang='lat' dir='ltr'>de</span> <span class='ocrx_word' id='word_1_17' title='bbox 898 447 954 485; x_wconf 79' lang='lat' dir='ltr'>his</span> <span class='ocrx_word' id='word_1_18' title='bbox 983 447 1138 485; x_wconf 86' lang='lat' dir='ltr'>humano</span> <span class='ocrx_word' id='word_1_19' title='bbox 1158 460 1256 485; x_wconf 89' lang='lat' dir='ltr'>more</span> 
     </span>
     <span class='ocr_line' id='line_1_4' title="bbox 303 507 1254 566; baseline -0.008 -12"><span class='ocrx_word' id='word_1_20' title='bbox 303 514 477 566; x_wconf 84' lang='lat' dir='ltr'>loquitur.</span> <span class='ocrx_word' id='word_1_21' title='bbox 506 513 598 552; x_wconf 86' lang='lat' dir='ltr'>Nam</span> <span class='ocrx_word' id='word_1_22' title='bbox 625 510 851 549; x_wconf 66' lang='lat' dir='ltr'>contrectatio</span> <span class='ocrx_word' id='word_1_23' title='bbox 880 509 946 547; x_wconf 92' lang='lat' dir='ltr'>etsi</span> <span class='ocrx_word' id='word_1_24' title='bbox 975 522 1144 560; x_wconf 84' lang='lat' dir='ltr'>magnum</span> <span class='ocrx_word' id='word_1_25' title='bbox 1165 507 1254 559; x_wconf 83' lang='lat' dir='ltr'>quid</span> 
     </span>
     <span class='ocr_line' id='line_1_5' title="bbox 302 568 1255 621; baseline -0.008 -6"><span class='ocrx_word' id='word_1_26' title='bbox 302 589 378 615; x_wconf 76' lang='lat' dir='ltr'>esse</span> <span class='ocrx_word' id='word_1_27' title='bbox 395 573 552 618; x_wconf 84' lang='lat' dir='ltr'>videtur,</span> <span class='ocrx_word' id='word_1_28' title='bbox 572 571 686 610; x_wconf 87' lang='lat' dir='ltr'>multo</span> <span class='ocrx_word' id='word_1_29' title='bbox 715 578 808 608; x_wconf 82' lang='lat' dir='ltr'>certe</span> <span class='ocrx_word' id='word_1_30' title='bbox 822 578 876 608; x_wconf 84' lang='lat' dir='ltr'>est</span> <span class='ocrx_word' id='word_1_31' title='bbox 891 569 955 608; x_wconf 87' lang='lat' dir='ltr'>Dei</span> <span class='ocrx_word' id='word_1_32' title='bbox 978 568 1151 621; x_wconf 79' lang='lat' dir='ltr'>dignitate</span> <span class='ocrx_word' id='word_1_33' title='bbox 1167 568 1255 607; x_wconf 87' lang='lat' dir='ltr'>inse-</span> 
     </span>
     <span class='ocr_line' id='line_1_6' title="bbox 304 630 1257 684; baseline -0.009 -7"><span class='ocrx_word' id='word_1_34' title='bbox 304 637 394 676; x_wconf 82' lang='lat' dir='ltr'>rius.</span> <span class='ocrx_word' id='word_1_35' title='bbox 412 637 489 675; x_wconf 85' lang='lat' dir='ltr'>Non</span> <span class='ocrx_word' id='word_1_36' title='bbox 515 633 608 671; x_wconf 85' lang='lat' dir='ltr'>enim</span> <span class='ocrx_word' id='word_1_37' title='bbox 623 645 715 684; x_wconf 82' lang='lat' dir='ltr'>opus</span> <span class='ocrx_word' id='word_1_38' title='bbox 739 630 845 669; x_wconf 85' lang='lat' dir='ltr'>habet</span> <span class='ocrx_word' id='word_1_39' title='bbox 863 633 960 670; x_wconf 90' lang='lat' dir='ltr'>Deus</span> <span class='ocrx_word' id='word_1_40' title='bbox 982 630 1257 670; x_wconf 77' lang='lat' dir='ltr'>contrectatione</span> 
     </span>
     <span class='ocr_line' id='line_1_7' title="bbox 303 694 1256 746; baseline -0.008 -6"><span class='ocrx_word' id='word_1_41' title='bbox 303 702 349 740; x_wconf 84' lang='lat' dir='ltr'>ad</span> <span class='ocrx_word' id='word_1_42' title='bbox 364 701 399 739; x_wconf 92' lang='lat' dir='ltr'>id</span> <span class='ocrx_word' id='word_1_43' title='bbox 417 697 658 744; x_wconf 81' lang='lat' dir='ltr'>efficiendum,</span> <span class='ocrx_word' id='word_1_44' title='bbox 679 704 717 734; x_wconf 91' lang='lat' dir='ltr'>ut</span> <span class='ocrx_word' id='word_1_45' title='bbox 734 704 870 734; x_wconf 88' lang='lat' dir='ltr'>montes</span> <span class='ocrx_word' id='word_1_46' title='bbox 883 694 1072 746; x_wconf 80' lang='lat' dir='ltr'>fumigent,</span> <span class='ocrx_word' id='word_1_47' title='bbox 1089 695 1256 733; x_wconf 84' lang='lat' dir='ltr'>imovero</span> 
     </span>
     <span class='ocr_line' id='line_1_8' title="bbox 302 755 1258 811; baseline -0.007 -11"><span class='ocrx_word' id='word_1_48' title='bbox 302 776 346 801; x_wconf 90' lang='lat' dir='ltr'>ne</span> <span class='ocrx_word' id='word_1_49' title='bbox 363 770 451 799; x_wconf 91' lang='lat' dir='ltr'>nutu</span> <span class='ocrx_word' id='word_1_50' title='bbox 471 757 633 811; x_wconf 87' lang='lat' dir='ltr'>quidem,</span> <span class='ocrx_word' id='word_1_51' title='bbox 649 755 711 795; x_wconf 82' lang='lat' dir='ltr'>sed</span> <span class='ocrx_word' id='word_1_52' title='bbox 729 756 879 795; x_wconf 84' lang='lat' dir='ltr'>oonsilio</span> <span class='ocrx_word' id='word_1_53' title='bbox 893 764 1030 794; x_wconf 80' lang='lat' dir='ltr'>tantum</span> <span class='ocrx_word' id='word_1_54' title='bbox 1046 764 1080 794; x_wconf 88' lang='lat' dir='ltr'>et</span> <span class='ocrx_word' id='word_1_55' title='bbox 1094 755 1258 794; x_wconf 84' lang='lat' dir='ltr'>volunta-</span> 
     </span>
     <span class='ocr_line' id='line_1_9' title="bbox 302 815 1255 873; baseline -0.008 -10"><span class='ocrx_word' id='word_1_56' title='bbox 302 833 348 863; x_wconf 88' lang='lat' dir='ltr'>te.</span> <span class='ocrx_word' id='word_1_57' title='bbox 366 826 555 873; x_wconf 84' lang='lat' dir='ltr'>Postquam</span> <span class='ocrx_word' id='word_1_58' title='bbox 572 833 657 870; x_wconf 85' lang='lat' dir='ltr'>ergo</span> <span class='ocrx_word' id='word_1_59' title='bbox 670 817 765 856; x_wconf 77' lang='lat' dir='ltr'>dixit</span> <span class='ocrx_word' id='word_1_60' title='bbox 779 817 825 856; x_wconf 89' lang='lat' dir='ltr'>de</span> <span class='ocrx_word' id='word_1_61' title='bbox 840 818 977 856; x_wconf 81' lang='lat' dir='ltr'>vilitate</span> <span class='ocrx_word' id='word_1_62' title='bbox 1004 817 1174 864; x_wconf 88' lang='lat' dir='ltr'>hominis,</span> <span class='ocrx_word' id='word_1_63' title='bbox 1195 815 1255 854; x_wconf 91' lang='lat' dir='ltr'>di-</span> 
     </span>
     <span class='ocr_line' id='line_1_10' title="bbox 302 878 1256 933; baseline -0.007 -10"><span class='ocrx_word' id='word_1_64' title='bbox 302 886 351 924; x_wconf 93' lang='lat' dir='ltr'>cit</span> <span class='ocrx_word' id='word_1_65' title='bbox 372 885 478 923; x_wconf 86' lang='lat' dir='ltr'>etiam</span> <span class='ocrx_word' id='word_1_66' title='bbox 508 882 554 921; x_wconf 92' lang='lat' dir='ltr'>de</span> <span class='ocrx_word' id='word_1_67' title='bbox 583 881 648 920; x_wconf 90' lang='lat' dir='ltr'>Dei</span> <span class='ocrx_word' id='word_1_68' title='bbox 680 879 858 933; x_wconf 89' lang='lat' dir='ltr'>potentia,</span> <span class='ocrx_word' id='word_1_69' title='bbox 887 878 1006 930; x_wconf 85' lang='lat' dir='ltr'>quoad</span> <span class='ocrx_word' id='word_1_70' title='bbox 1036 879 1114 931; x_wconf 87' lang='lat' dir='ltr'>ejus</span> <span class='ocrx_word' id='word_1_71' title='bbox 1142 886 1256 931; x_wconf 87' lang='lat' dir='ltr'>potest</span> 
     </span>
     <span class='ocr_line' id='line_1_11' title="bbox 303 939 1256 992; baseline -0.01 -5"><span class='ocrx_word' id='word_1_72' title='bbox 303 948 380 986; x_wconf 78' lang='lat' dir='ltr'>steri</span> <span class='ocrx_word' id='word_1_73' title='bbox 393 947 438 985; x_wconf 85' lang='lat' dir='ltr'>ab</span> <span class='ocrx_word' id='word_1_74' title='bbox 451 945 594 984; x_wconf 89' lang='lat' dir='ltr'>homine</span> <span class='ocrx_word' id='word_1_75' title='bbox 605 959 613 980; x_wconf 90' lang='lat'>:</span> <span class='ocrx_word' id='word_1_76' title='bbox 625 956 705 980; x_wconf 84' lang='lat' dir='ltr'>nam</span> <span class='ocrx_word' id='word_1_77' title='bbox 716 942 790 980; x_wconf 82' lang='lat' dir='ltr'>haec</span> <span class='ocrx_word' id='word_1_78' title='bbox 801 954 944 992; x_wconf 82' lang='lat' dir='ltr'>quoque</span> <span class='ocrx_word' id='word_1_79' title='bbox 958 940 1061 992; x_wconf 83' lang='lat' dir='ltr'>longe</span> <span class='ocrx_word' id='word_1_80' title='bbox 1071 940 1199 978; x_wconf 79' lang='lat' dir='ltr'>absunt</span> <span class='ocrx_word' id='word_1_81' title='bbox 1209 939 1256 977; x_wconf 88' lang='lat' dir='ltr'>ab</span> 
     </span>
     <span class='ocr_line' id='line_1_12' title="bbox 303 1003 1256 1060; baseline -0.008 -13"><span class='ocrx_word' id='word_1_82' title='bbox 303 1009 366 1047; x_wconf 88' lang='lat' dir='ltr'>illa</span> <span class='ocrx_word' id='word_1_83' title='bbox 392 1008 584 1060; x_wconf 80' lang='lat' dir='ltr'>majestate.</span> <span class='ocrx_word' id='word_1_84' title='bbox 603 1006 640 1044; x_wconf 79' lang='lat'>6.</span> <span class='ocrx_word' id='word_1_85' title='bbox 660 1003 840 1056; x_wconf 61' lang='lat' dir='ltr'>Fulgura</span> <span class='ocrx_word' id='word_1_86' title='bbox 866 1003 1185 1048; x_wconf 80' lang='lat' dir='ltr'>coruscationem,</span> <span class='ocrx_word' id='word_1_87' title='bbox 1217 1009 1256 1039; x_wconf 85' lang='lat' dir='ltr'>et</span> 
     </span>
     <span class='ocr_line' id='line_1_13' title="bbox 304 1066 1254 1121; baseline -0.011 -11"><span class='ocrx_word' id='word_1_88' title='bbox 304 1071 509 1121; x_wconf 79' lang='lat' dir='ltr'>dissipabis</span> <span class='ocrx_word' id='word_1_89' title='bbox 528 1081 591 1106; x_wconf 84' lang='lat' dir='ltr'>eos</span> <span class='ocrx_word' id='word_1_90' title='bbox 613 1083 623 1104; x_wconf 75' lang='grc' dir='ltr'>ε</span> <span class='ocrx_word' id='word_1_91' title='bbox 643 1068 774 1104; x_wconf 83' lang='lat' dir='ltr'>emitte</span> <span class='ocrx_word' id='word_1_92' title='bbox 800 1066 961 1117; x_wconf 75' lang='lat' dir='ltr'>sagittas</span> <span class='ocrx_word' id='word_1_93' title='bbox 991 1072 1092 1107; x_wconf 81' lang='lat' dir='ltr'>tuas.</span> <span class='ocrx_word' id='word_1_94' title='bbox 1110 1070 1146 1101; x_wconf 89' lang='lat' dir='ltr'>et</span> <span class='ocrx_word' id='word_1_95' title='bbox 1162 1076 1254 1101; x_wconf 88' lang='lat' dir='ltr'>con·</span> 
     </span>
     <span class='ocr_line' id='line_1_14' title="bbox 306 1123 1256 1180; baseline -0.009 -9"><span class='ocrx_word' id='word_1_96' title='bbox 306 1132 474 1171; x_wconf 73' lang='lat' dir='ltr'>turbabis</span> <span class='ocrx_word' id='word_1_97' title='bbox 489 1127 714 1180; x_wconf 85' lang='lat' dir='ltr'>eos.Fulgur</span> <span class='ocrx_word' id='word_1_98' title='bbox 725 1127 783 1165; x_wconf 87' lang='lat' dir='ltr'>hic</span> <span class='ocrx_word' id='word_1_99' title='bbox 800 1135 833 1164; x_wconf 87' lang='lat' dir='ltr'>et</span> <span class='ocrx_word' id='word_1_100' title='bbox 847 1126 994 1177; x_wconf 81' lang='lat' dir='ltr'>sagittas</span> <span class='ocrx_word' id='word_1_101' title='bbox 1006 1138 1075 1163; x_wconf 90' lang='lat' dir='ltr'>non</span> <span class='ocrx_word' id='word_1_102' title='bbox 1090 1123 1178 1163; x_wconf 87' lang='lat' dir='ltr'>dicit</span> <span class='ocrx_word' id='word_1_103' title='bbox 1189 1124 1256 1162; x_wconf 88' lang='lat' dir='ltr'>hoc</span> 
     </span>
     <span class='ocr_line' id='line_1_15' title="bbox 305 1184 1254 1244; baseline -0.011 -12"><span class='ocrx_word' id='word_1_104' title='bbox 305 1194 441 1244; x_wconf 78' lang='lat' dir='ltr'>fulgur,</span> <span class='ocrx_word' id='word_1_105' title='bbox 458 1204 521 1229; x_wconf 89' lang='lat' dir='ltr'>nec</span> <span class='ocrx_word' id='word_1_106' title='bbox 533 1190 598 1228; x_wconf 80' lang='lat' dir='ltr'>has</span> <span class='ocrx_word' id='word_1_107' title='bbox 614 1188 774 1241; x_wconf 78' lang='lat' dir='ltr'>sagittas,</span> <span class='ocrx_word' id='word_1_108' title='bbox 795 1186 857 1225; x_wconf 91' lang='lat' dir='ltr'>sed</span> <span class='ocrx_word' id='word_1_109' title='bbox 876 1186 923 1224; x_wconf 87' lang='lat' dir='ltr'>ita</span> <span class='ocrx_word' id='word_1_110' title='bbox 943 1194 1047 1225; x_wconf 74' lang='lat' dir='ltr'>vomt</span> <span class='ocrx_word' id='word_1_111' title='bbox 1060 1184 1254 1237; x_wconf 85' lang='lat' dir='ltr'>supplicia,</span> 
     </span>
     <span class='ocr_line' id='line_1_16' title="bbox 304 1246 1259 1304; baseline -0.01 -11"><span class='ocrx_word' id='word_1_112' title='bbox 304 1269 349 1294; x_wconf 86' lang='lat' dir='ltr'>ex</span> <span class='ocrx_word' id='word_1_113' title='bbox 367 1255 409 1293; x_wconf 90' lang='lat' dir='ltr'>iis</span> <span class='ocrx_word' id='word_1_114' title='bbox 423 1266 502 1304; x_wconf 80' lang='lat' dir='ltr'>quae</span> <span class='ocrx_word' id='word_1_115' title='bbox 517 1252 592 1304; x_wconf 87' lang='lat' dir='ltr'>jam</span> <span class='ocrx_word' id='word_1_116' title='bbox 605 1259 687 1288; x_wconf 88' lang='lat' dir='ltr'>nota</span> <span class='ocrx_word' id='word_1_117' title='bbox 703 1257 798 1294; x_wconf 91' lang='lat' dir='ltr'>sunt,</span> <span class='ocrx_word' id='word_1_118' title='bbox 814 1246 1028 1301; x_wconf 83' lang='lat' dir='ltr'>persuadens</span> <span class='ocrx_word' id='word_1_119' title='bbox 1047 1246 1080 1285; x_wconf 88' lang='lat' dir='ltr'>ei</span> <span class='ocrx_word' id='word_1_120' title='bbox 1095 1246 1158 1297; x_wconf 90' lang='lat' dir='ltr'>qui</span> <span class='ocrx_word' id='word_1_121' title='bbox 1177 1259 1259 1287; x_wconf 92' lang='lat' dir='ltr'>con-</span> 
     </span>
     <span class='ocr_line' id='line_1_17' title="bbox 305 1309 1260 1365; baseline -0.012 -9"><span class='ocrx_word' id='word_1_122' title='bbox 305 1316 447 1361; x_wconf 87' lang='lat' dir='ltr'>temnit,</span> <span class='ocrx_word' id='word_1_123' title='bbox 467 1323 501 1352; x_wconf 91' lang='lat' dir='ltr'>et</span> <span class='ocrx_word' id='word_1_124' title='bbox 514 1321 564 1351; x_wconf 87' lang='lat' dir='ltr'>est</span> <span class='ocrx_word' id='word_1_125' title='bbox 580 1312 681 1365; x_wconf 86' lang='lat' dir='ltr'>piger</span> <span class='ocrx_word' id='word_1_126' title='bbox 704 1324 744 1349; x_wconf 84' lang='lat' dir='ltr'>ac</span> <span class='ocrx_word' id='word_1_127' title='bbox 765 1309 962 1361; x_wconf 74' lang='lat' dir='ltr'>negligens,</span> <span class='ocrx_word' id='word_1_128' title='bbox 980 1318 1020 1347; x_wconf 91' lang='lat' dir='ltr'>ut</span> <span class='ocrx_word' id='word_1_129' title='bbox 1041 1316 1181 1353; x_wconf 87' lang='lat' dir='ltr'>tremat,</span> <span class='ocrx_word' id='word_1_130' title='bbox 1200 1321 1260 1345; x_wconf 86' lang='lat' dir='ltr'>re-</span> 
     </span>
     <span class='ocr_line' id='line_1_18' title="bbox 307 1369 1259 1425; baseline -0.011 -8"><span class='ocrx_word' id='word_1_131' title='bbox 307 1386 494 1421; x_wconf 80' lang='lat' dir='ltr'>vereatur,</span> <span class='ocrx_word' id='word_1_132' title='bbox 520 1387 628 1425; x_wconf 88' lang='lat' dir='ltr'>seque</span> <span class='ocrx_word' id='word_1_133' title='bbox 653 1371 811 1410; x_wconf 86' lang='lat' dir='ltr'>inclinet.</span> <span class='ocrx_word' id='word_1_134' title='bbox 843 1371 882 1410; x_wconf 87' lang='lat' dir='ltr'>Si</span> <span class='ocrx_word' id='word_1_135' title='bbox 907 1370 1002 1408; x_wconf 90' lang='lat' dir='ltr'>enim</span> <span class='ocrx_word' id='word_1_136' title='bbox 1028 1369 1152 1421; x_wconf 81' lang='lat' dir='ltr'>fulgur</span> <span class='ocrx_word' id='word_1_137' title='bbox 1177 1369 1259 1407; x_wconf 80' lang='lat' dir='ltr'>ferri</span> 
     </span>
     <span class='ocr_line' id='line_1_19' title="bbox 309 1430 1258 1490; baseline -0.009 -13"><span class='ocrx_word' id='word_1_138' title='bbox 309 1453 377 1478; x_wconf 92' lang='lat' dir='ltr'>non</span> <span class='ocrx_word' id='word_1_139' title='bbox 394 1444 520 1490; x_wconf 88' lang='lat' dir='ltr'>potest,</span> <span class='ocrx_word' id='word_1_140' title='bbox 540 1434 620 1472; x_wconf 86' lang='lat' dir='ltr'>licet</span> <span class='ocrx_word' id='word_1_141' title='bbox 639 1446 709 1471; x_wconf 92' lang='lat' dir='ltr'>non</span> <span class='ocrx_word' id='word_1_142' title='bbox 726 1432 889 1470; x_wconf 88' lang='lat' dir='ltr'>mittatur</span> <span class='ocrx_word' id='word_1_143' title='bbox 907 1430 953 1469; x_wconf 85' lang='lat' dir='ltr'>ad</span> <span class='ocrx_word' id='word_1_144' title='bbox 970 1430 1206 1483; x_wconf 85' lang='lat' dir='ltr'>supplicium,</span> <span class='ocrx_word' id='word_1_145' title='bbox 1228 1431 1258 1468; x_wconf 90' lang='lat' dir='ltr'>si</span> 
     </span>
     <span class='ocr_line' id='line_1_20' title="bbox 306 1492 1260 1551; baseline -0.012 -12"><span class='ocrx_word' id='word_1_146' title='bbox 306 1514 407 1540; x_wconf 87' lang='lat' dir='ltr'>suam</span> <span class='ocrx_word' id='word_1_147' title='bbox 428 1495 600 1551; x_wconf 79' lang='lat' dir='ltr'>puniendi</span> <span class='ocrx_word' id='word_1_148' title='bbox 617 1502 821 1547; x_wconf 85' lang='lat' dir='ltr'>potestatem</span> <span class='ocrx_word' id='word_1_149' title='bbox 839 1492 996 1531; x_wconf 80' lang='lat' dir='ltr'>voluerit</span> <span class='ocrx_word' id='word_1_150' title='bbox 1008 1505 1165 1538; x_wconf 81' lang='lat' dir='ltr'>movere,</span> <span class='ocrx_word' id='word_1_151' title='bbox 1180 1492 1260 1542; x_wconf 86' lang='lat' dir='ltr'>quis</span> 
     </span>
     <span class='ocr_line' id='line_1_21' title="bbox 306 1553 1257 1605; baseline -0.013 -4"><span class='ocrx_word' id='word_1_152' title='bbox 306 1576 383 1601; x_wconf 84' lang='lat' dir='ltr'>eam</span> <span class='ocrx_word' id='word_1_153' title='bbox 403 1557 623 1598; x_wconf 72' lang='lat' dir='ltr'>sustinebit?</span> <span class='ocrx_word' id='word_1_154' title='bbox 644 1555 707 1594; x_wconf 89' lang='lat' dir='ltr'>Dei</span> <span class='ocrx_word' id='word_1_155' title='bbox 729 1563 846 1592; x_wconf 80' lang='lat' dir='ltr'>autem</span> <span class='ocrx_word' id='word_1_156' title='bbox 871 1553 1005 1605; x_wconf 74' lang='lat' dir='ltr'>sagitta:</span> <span class='ocrx_word' id='word_1_157' title='bbox 1027 1561 1111 1591; x_wconf 87' lang='lat' dir='ltr'>sunt</span> <span class='ocrx_word' id='word_1_158' title='bbox 1130 1562 1257 1605; x_wconf 86' lang='lat' dir='ltr'>pestes,</span> 
     </span>
    </p>
   </div>
   <div class='ocr_carea' id='block_1_3' title="bbox 307 1613 1306 1668">
    <p class='ocr_par' dir='ltr' id='par_1_3' title="bbox 307 1613 1306 1668">
     <span class='ocr_line' id='line_1_22' title="bbox 307 1613 1306 1668; baseline -0.011 -6"><span class='ocrx_word' id='word_1_159' title='bbox 307 1624 427 1668; x_wconf 80' lang='lat' dir='ltr'>sames,</span> <span class='ocrx_word' id='word_1_160' title='bbox 448 1620 603 1668; x_wconf 75' lang='lat' dir='ltr'>fulgura,</span> <span class='ocrx_word' id='word_1_161' title='bbox 623 1625 657 1655; x_wconf 88' lang='lat' dir='ltr'>et</span> <span class='ocrx_word' id='word_1_162' title='bbox 675 1615 889 1667; x_wconf 81' lang='lat' dir='ltr'>multiplicia</span> <span class='ocrx_word' id='word_1_163' title='bbox 919 1613 1179 1666; x_wconf 83' lang='lat' dir='ltr'>suppliciorum</span> <span class='ocrx_word' id='word_1_164' title='bbox 1198 1628 1257 1663; x_wconf 75' lang='lat' dir='ltr'>ge·</span> <span class='ocrx_word' id='word_1_165' title='bbox 1281 1628 1306 1658; x_wconf 86' lang='lat' dir='ltr'>c</span> 
     </span>
    </p>
   </div>
   <div class='ocr_carea' id='block_1_4' title="bbox 102 1676 1260 2894">
    <p class='ocr_par' dir='ltr' id='par_1_4' title="bbox 102 1676 1260 2894">
     <span class='ocr_line' id='line_1_23' title="bbox 103 1676 1260 1727; baseline -0.007 -7"><span class='ocrx_word' id='word_1_166' title='bbox 103 1693 206 1721; x_wconf 76' lang='lat' dir='ltr'>Manu·</span> <span class='ocrx_word' id='word_1_167' title='bbox 236 1695 290 1723; x_wconf 70' lang='lat' dir='ltr'>nei</span> <span class='ocrx_word' id='word_1_168' title='bbox 306 1699 402 1724; x_wconf 84' lang='lat' dir='ltr'>nera.</span> <span class='ocrx_word' id='word_1_169' title='bbox 423 1685 461 1721; x_wconf 79' lang='lat'>⁷.</span> <span class='ocrx_word' id='word_1_170' title='bbox 487 1683 633 1720; x_wconf 78' lang='lat' dir='ltr'>Emitte</span> <span class='ocrx_word' id='word_1_171' title='bbox 654 1691 813 1715; x_wconf 83' lang='lat' dir='ltr'>manum</span> <span class='ocrx_word' id='word_1_172' title='bbox 833 1685 939 1714; x_wconf 82' lang='lat' dir='ltr'>tuam</span> <span class='ocrx_word' id='word_1_173' title='bbox 958 1676 1007 1712; x_wconf 79' lang='lat' dir='ltr'>de</span> <span class='ocrx_word' id='word_1_174' title='bbox 1026 1676 1108 1714; x_wconf 85' lang='lat' dir='ltr'>alto</span> <span class='ocrx_word' id='word_1_175' title='bbox 1128 1691 1141 1713; x_wconf 85' lang='lat'>.-</span> <span class='ocrx_word' id='word_1_176' title='bbox 1158 1678 1260 1727; x_wconf 83' lang='lat' dir='ltr'>eripe</span> 
     </span>
     <span class='ocr_line' id='line_1_24' title="bbox 102 1737 1257 1790; baseline -0.011 -4"><span class='ocrx_word' id='word_1_177' title='bbox 102 1737 185 1772; x_wconf 47' lang='grc' dir='ltr'>ΨΜ·</span> <span class='ocrx_word' id='word_1_178' title='bbox 305 1761 379 1790; x_wconf 82' lang='lat' dir='ltr'>me,</span> <span class='ocrx_word' id='word_1_179' title='bbox 399 1753 434 1783; x_wconf 87' lang='lat' dir='ltr'>et</span> <span class='ocrx_word' id='word_1_180' title='bbox 451 1745 572 1782; x_wconf 78' lang='lat' dir='ltr'>libera</span> <span class='ocrx_word' id='word_1_181' title='bbox 589 1755 648 1779; x_wconf 86' lang='lat' dir='ltr'>me</span> <span class='ocrx_word' id='word_1_182' title='bbox 662 1741 710 1777; x_wconf 83' lang='lat' dir='ltr'>de</span> <span class='ocrx_word' id='word_1_183' title='bbox 727 1740 839 1790; x_wconf 79' lang='lat' dir='ltr'>aquis</span> <span class='ocrx_word' id='word_1_184' title='bbox 855 1737 1002 1784; x_wconf 84' lang='lat' dir='ltr'>multis,</span> <span class='ocrx_word' id='word_1_185' title='bbox 1021 1746 1056 1775; x_wconf 81' lang='lat' dir='ltr'>et</span> <span class='ocrx_word' id='word_1_186' title='bbox 1073 1738 1121 1774; x_wconf 84' lang='lat' dir='ltr'>de</span> <span class='ocrx_word' id='word_1_187' title='bbox 1139 1751 1257 1774; x_wconf 81' lang='lat' dir='ltr'>manu</span> 
     </span>
     <span class='ocr_line' id='line_1_25' title="bbox 301 1795 1259 1856; baseline -0.009 -13"><span class='ocrx_word' id='word_1_188' title='bbox 301 1806 472 1856; x_wconf 81' lang='lat' dir='ltr'>filiorum</span> <span class='ocrx_word' id='word_1_189' title='bbox 499 1801 729 1839; x_wconf 80' lang='lat' dir='ltr'>alienorum.</span> <span class='ocrx_word' id='word_1_190' title='bbox 760 1798 839 1835; x_wconf 91' lang='lat' dir='ltr'>Non</span> <span class='ocrx_word' id='word_1_191' title='bbox 866 1796 983 1834; x_wconf 90' lang='lat' dir='ltr'>solum</span> <span class='ocrx_word' id='word_1_192' title='bbox 1012 1797 1106 1834; x_wconf 88' lang='lat' dir='ltr'>enim</span> <span class='ocrx_word' id='word_1_193' title='bbox 1125 1795 1171 1834; x_wconf 82' lang='lat' dir='ltr'>ad</span> <span class='ocrx_word' id='word_1_194' title='bbox 1191 1811 1259 1849; x_wconf 90' lang='lat' dir='ltr'>pu-</span> 
     </span>
     <span class='ocr_line' id='line_1_26' title="bbox 306 1856 1259 1909; baseline -0.009 -5"><span class='ocrx_word' id='word_1_195' title='bbox 306 1864 493 1908; x_wconf 89' lang='lat' dir='ltr'>niendum,</span> <span class='ocrx_word' id='word_1_196' title='bbox 509 1861 570 1900; x_wconf 87' lang='lat' dir='ltr'>sed</span> <span class='ocrx_word' id='word_1_197' title='bbox 587 1860 692 1899; x_wconf 80' lang='lat' dir='ltr'>ctiam</span> <span class='ocrx_word' id='word_1_198' title='bbox 705 1857 750 1896; x_wconf 84' lang='lat' dir='ltr'>ad</span> <span class='ocrx_word' id='word_1_199' title='bbox 770 1856 1053 1895; x_wconf 78' lang='lat' dir='ltr'>conservandum</span> <span class='ocrx_word' id='word_1_200' title='bbox 1069 1867 1188 1909; x_wconf 85' lang='lat' dir='ltr'>parata</span> <span class='ocrx_word' id='word_1_201' title='bbox 1207 1866 1259 1896; x_wconf 86' lang='lat' dir='ltr'>est</span> 
     </span>
     <span class='ocr_line' id='line_1_27' title="bbox 306 1917 1255 1978; baseline -0.009 -13"><span class='ocrx_word' id='word_1_202' title='bbox 306 1927 370 1966; x_wconf 90' lang='lat' dir='ltr'>Dei</span> <span class='ocrx_word' id='word_1_203' title='bbox 391 1924 561 1978; x_wconf 85' lang='lat' dir='ltr'>potentia.</span> <span class='ocrx_word' id='word_1_204' title='bbox 591 1924 741 1961; x_wconf 86' lang='lat' dir='ltr'>Manum</span> <span class='ocrx_word' id='word_1_205' title='bbox 768 1928 885 1958; x_wconf 84' lang='lat' dir='ltr'>autem</span> <span class='ocrx_word' id='word_1_206' title='bbox 917 1917 976 1956; x_wconf 90' lang='lat' dir='ltr'>hic</span> <span class='ocrx_word' id='word_1_207' title='bbox 1008 1927 1110 1957; x_wconf 77' lang='lat' dir='ltr'>vocat</span> <span class='ocrx_word' id='word_1_208' title='bbox 1137 1932 1255 1971; x_wconf 89' lang='lat' dir='ltr'>opem,</span> 
     </span>
     <span class='ocr_line' id='line_1_28' title="bbox 303 1978 1257 2026; baseline -0.009 0"><span class='ocrx_word' id='word_1_209' title='bbox 303 1987 482 2026; x_wconf 85' lang='lat' dir='ltr'>auxilium</span> <span class='ocrx_word' id='word_1_210' title='bbox 506 2000 513 2022; x_wconf 92' lang='lat'>:</span> <span class='ocrx_word' id='word_1_211' title='bbox 535 1993 569 2022; x_wconf 89' lang='lat' dir='ltr'>et</span> <span class='ocrx_word' id='word_1_212' title='bbox 598 1982 677 2021; x_wconf 91' lang='lat' dir='ltr'>ideo</span> <span class='ocrx_word' id='word_1_213' title='bbox 711 1994 781 2019; x_wconf 92' lang='lat' dir='ltr'>non</span> <span class='ocrx_word' id='word_1_214' title='bbox 813 1979 929 2025; x_wconf 82' lang='lat' dir='ltr'>dixit,</span> <span class='ocrx_word' id='word_1_215' title='bbox 965 1978 1145 2026; x_wconf 79' lang='lat' dir='ltr'>Extende,</span> <span class='ocrx_word' id='word_1_216' title='bbox 1179 1979 1257 2026; x_wconf 89' lang='lat' dir='ltr'>sed,</span> 
     </span>
     <span class='ocr_line' id='line_1_29' title="bbox 306 2040 1257 2096; baseline -0.007 -10"><span class='ocrx_word' id='word_1_217' title='bbox 306 2050 465 2093; x_wconf 82' lang='lat' dir='ltr'>Emitte,</span> <span class='ocrx_word' id='word_1_218' title='bbox 487 2046 555 2083; x_wconf 82' lang='lat' dir='ltr'>boc</span> <span class='ocrx_word' id='word_1_219' title='bbox 580 2043 785 2096; x_wconf 83' lang='lat' dir='ltr'>significans</span> <span class='ocrx_word' id='word_1_220' title='bbox 803 2040 924 2092; x_wconf 89' lang='lat' dir='ltr'>:quod</span> <span class='ocrx_word' id='word_1_221' title='bbox 946 2041 975 2079; x_wconf 87' lang='lat' dir='ltr'>si</span> <span class='ocrx_word' id='word_1_222' title='bbox 995 2041 1102 2079; x_wconf 85' lang='lat' dir='ltr'>etiam</span> <span class='ocrx_word' id='word_1_223' title='bbox 1123 2040 1257 2080; x_wconf 82' lang='lat' dir='ltr'>alicubi</span> 
     </span>
     <span class='ocr_line' id='line_1_30' title="bbox 302 2103 1258 2159; baseline -0.009 -10"><span class='ocrx_word' id='word_1_224' title='bbox 302 2109 406 2159; x_wconf 90' lang='lat' dir='ltr'>dicit,</span> <span class='ocrx_word' id='word_1_225' title='bbox 437 2106 615 2154; x_wconf 84' lang='lat' dir='ltr'>Extende,</span> <span class='ocrx_word' id='word_1_226' title='bbox 644 2105 738 2143; x_wconf 91' lang='lat' dir='ltr'>idem</span> <span class='ocrx_word' id='word_1_227' title='bbox 764 2117 889 2142; x_wconf 86' lang='lat' dir='ltr'>rursus</span> <span class='ocrx_word' id='word_1_228' title='bbox 914 2103 1107 2154; x_wconf 80' lang='lat' dir='ltr'>significat.</span> <span class='ocrx_word' id='word_1_229' title='bbox 1137 2106 1258 2154; x_wconf 81' lang='lat' dir='ltr'>Aquas</span> 
     </span>
     <span class='ocr_line' id='line_1_31' title="bbox 303 2165 1257 2217; baseline -0.007 -8"><span class='ocrx_word' id='word_1_230' title='bbox 303 2180 420 2209; x_wconf 81' lang='lat' dir='ltr'>autem</span> <span class='ocrx_word' id='word_1_231' title='bbox 439 2169 647 2209; x_wconf 87' lang='lat' dir='ltr'>insolentem</span> <span class='ocrx_word' id='word_1_232' title='bbox 666 2167 824 2205; x_wconf 83' lang='lat' dir='ltr'>hostium</span> <span class='ocrx_word' id='word_1_233' title='bbox 851 2165 1101 2217; x_wconf 80' lang='lat' dir='ltr'>irruptionem,</span> <span class='ocrx_word' id='word_1_234' title='bbox 1121 2173 1157 2202; x_wconf 92' lang='lat' dir='ltr'>et</span> <span class='ocrx_word' id='word_1_235' title='bbox 1174 2179 1257 2203; x_wconf 90' lang='lat' dir='ltr'>con-</span> 
     </span>
     <span class='ocr_line' id='line_1_32' title="bbox 303 2225 1257 2282; baseline -0.008 -11"><span class='ocrx_word' id='word_1_236' title='bbox 303 2235 432 2279; x_wconf 80' lang='lat' dir='ltr'>fusam,</span> <span class='ocrx_word' id='word_1_237' title='bbox 450 2245 528 2282; x_wconf 77' lang='lat' dir='ltr'>qua:</span> <span class='ocrx_word' id='word_1_238' title='bbox 561 2243 688 2281; x_wconf 79' lang='lat' dir='ltr'>magno</span> <span class='ocrx_word' id='word_1_239' title='bbox 717 2228 850 2279; x_wconf 87' lang='lat' dir='ltr'>impetu</span> <span class='ocrx_word' id='word_1_240' title='bbox 879 2227 1004 2264; x_wconf 78' lang='lat' dir='ltr'>fertur.</span> <span class='ocrx_word' id='word_1_241' title='bbox 1026 2225 1134 2274; x_wconf 87' lang='lat' dir='ltr'>Quod</span> <span class='ocrx_word' id='word_1_242' title='bbox 1162 2226 1257 2264; x_wconf 84' lang='lat' dir='ltr'>enim</span> 
     </span>
     <span class='ocr_line' id='line_1_33' title="bbox 303 2285 1259 2344; baseline -0.009 -12"><span class='ocrx_word' id='word_1_243' title='bbox 303 2293 349 2332; x_wconf 88' lang='lat' dir='ltr'>de</span> <span class='ocrx_word' id='word_1_244' title='bbox 367 2293 469 2344; x_wconf 82' lang='lat' dir='ltr'>aquis</span> <span class='ocrx_word' id='word_1_245' title='bbox 484 2304 554 2330; x_wconf 89' lang='lat' dir='ltr'>non</span> <span class='ocrx_word' id='word_1_246' title='bbox 575 2290 756 2340; x_wconf 75' lang='lat' dir='ltr'>loquatur,</span> <span class='ocrx_word' id='word_1_247' title='bbox 775 2286 928 2327; x_wconf 77' lang='lat' dir='ltr'>ostendit</span> <span class='ocrx_word' id='word_1_248' title='bbox 948 2285 984 2323; x_wconf 91' lang='lat' dir='ltr'>id</span> <span class='ocrx_word' id='word_1_249' title='bbox 999 2286 1095 2337; x_wconf 89' lang='lat' dir='ltr'>quod</span> <span class='ocrx_word' id='word_1_250' title='bbox 1112 2286 1259 2338; x_wconf 87' lang='lat' dir='ltr'>subjun-</span> 
     </span>
     <span class='ocr_line' id='line_1_34' title="bbox 306 2347 1256 2406; baseline -0.009 -13"><span class='ocrx_word' id='word_1_251' title='bbox 306 2355 424 2406; x_wconf 83' lang='lat' dir='ltr'>gitur:</span> <span class='ocrx_word' id='word_1_252' title='bbox 443 2354 502 2391; x_wconf 84' lang='lat' dir='ltr'>De</span> <span class='ocrx_word' id='word_1_253' title='bbox 528 2364 660 2396; x_wconf 78' lang='lat' dir='ltr'>mann,</span> <span class='ocrx_word' id='word_1_254' title='bbox 678 2348 806 2399; x_wconf 78' lang='lat' dir='ltr'>inquit.</span> <span class='ocrx_word' id='word_1_255' title='bbox 822 2348 995 2398; x_wconf 82' lang='lat' dir='ltr'>filiorum</span> <span class='ocrx_word' id='word_1_256' title='bbox 1023 2347 1256 2384; x_wconf 82' lang='lat' dir='ltr'>alienorum.</span> 
     </span>
     <span class='ocr_line' id='line_1_35' title="bbox 109 2406 1257 2455; baseline -0.01 1"><span class='ocrx_word' id='word_1_257' title='bbox 109 2423 204 2451; x_wconf 61' lang='lat' dir='ltr'>Atat-nt</span> <span class='ocrx_word' id='word_1_258' title='bbox 242 2422 292 2450; x_wconf 78' lang='grc' dir='ltr'>81ἰί</span> <span class='ocrx_word' id='word_1_259' title='bbox 310 2416 452 2455; x_wconf 75' lang='lat' dir='ltr'>Alienos</span> <span class='ocrx_word' id='word_1_260' title='bbox 469 2422 584 2451; x_wconf 83' lang='lat' dir='ltr'>:tutem</span> <span class='ocrx_word' id='word_1_261' title='bbox 602 2411 695 2449; x_wconf 81' lang='lat' dir='ltr'>lilios</span> <span class='ocrx_word' id='word_1_262' title='bbox 714 2408 802 2447; x_wconf 83' lang='lat' dir='ltr'>mihi</span> <span class='ocrx_word' id='word_1_263' title='bbox 819 2406 962 2445; x_wconf 76' lang='lat' dir='ltr'>videtur</span> <span class='ocrx_word' id='word_1_264' title='bbox 980 2407 1038 2445; x_wconf 81' lang='lat' dir='ltr'>hic</span> <span class='ocrx_word' id='word_1_265' title='bbox 1053 2406 1170 2444; x_wconf 76' lang='lat' dir='ltr'>dicere</span> <span class='ocrx_word' id='word_1_266' title='bbox 1183 2421 1257 2454; x_wconf 88' lang='lat' dir='ltr'>eos,</span> 
     </span>
     <span class='ocr_line' id='line_1_36' title="bbox 105 2466 1258 2529; baseline -0.01 -12"><span class='ocrx_word' id='word_1_267' title='bbox 105 2466 156 2503; x_wconf 63' lang='lat'>‘¹¹¹³</span> <span class='ocrx_word' id='word_1_268' title='bbox 176 2471 253 2493; x_wconf 75' lang='lat'><strong>&#39;⁰¹¹¹‘</strong></span> <span class='ocrx_word' id='word_1_269' title='bbox 306 2477 368 2529; x_wconf 87' lang='lat' dir='ltr'>qui</span> <span class='ocrx_word' id='word_1_270' title='bbox 403 2491 422 2513; x_wconf 87' lang='lat' dir='ltr'>a</span> <span class='ocrx_word' id='word_1_271' title='bbox 456 2474 602 2513; x_wconf 75' lang='lat' dir='ltr'>veritate</span> <span class='ocrx_word' id='word_1_272' title='bbox 637 2478 720 2509; x_wconf 87' lang='lat' dir='ltr'>sunt</span> <span class='ocrx_word' id='word_1_273' title='bbox 754 2467 910 2506; x_wconf 85' lang='lat' dir='ltr'>alienati.</span> <span class='ocrx_word' id='word_1_274' title='bbox 947 2466 1258 2515; x_wconf 85' lang='lat' dir='ltr'>Quemadmodum</span> 
     </span>
     <span class='ocr_line' id='line_1_37' title="bbox 306 2528 1260 2580; baseline -0.012 -4"><span class='ocrx_word' id='word_1_275' title='bbox 306 2538 401 2577; x_wconf 90' lang='lat' dir='ltr'>enim</span> <span class='ocrx_word' id='word_1_276' title='bbox 427 2535 549 2573; x_wconf 80' lang='lat' dir='ltr'>fideles</span> <span class='ocrx_word' id='word_1_277' title='bbox 573 2528 831 2571; x_wconf 84' lang='lat' dir='ltr'>necessitudine</span> <span class='ocrx_word' id='word_1_278' title='bbox 851 2529 1058 2580; x_wconf 89' lang='lat' dir='ltr'>conjunctos</span> <span class='ocrx_word' id='word_1_279' title='bbox 1077 2528 1260 2565; x_wconf 76' lang='lat' dir='ltr'>existima·</span> 
     </span>
     <span class='ocr_line' id='line_1_38' title="bbox 307 2587 1259 2641; baseline -0.014 -3"><span class='ocrx_word' id='word_1_280' title='bbox 307 2613 386 2638; x_wconf 85' lang='lat' dir='ltr'>mus</span> <span class='ocrx_word' id='word_1_281' title='bbox 407 2607 439 2636; x_wconf 92' lang='lat' dir='ltr'>ct</span> <span class='ocrx_word' id='word_1_282' title='bbox 465 2598 601 2641; x_wconf 76' lang='lat' dir='ltr'>fratres,</span> <span class='ocrx_word' id='word_1_283' title='bbox 630 2593 675 2631; x_wconf 86' lang='lat' dir='ltr'>ita</span> <span class='ocrx_word' id='word_1_284' title='bbox 701 2591 806 2630; x_wconf 76' lang='lat' dir='ltr'>ctiam</span> <span class='ocrx_word' id='word_1_285' title='bbox 837 2590 985 2633; x_wconf 79' lang='lat' dir='ltr'>alienos,</span> <span class='ocrx_word' id='word_1_286' title='bbox 1015 2587 1178 2626; x_wconf 85' lang='lat' dir='ltr'>infideles</span> <span class='ocrx_word' id='word_1_287' title='bbox 1199 2605 1206 2625; x_wconf 91' lang='lat'><strong>:</strong></span> <span class='ocrx_word' id='word_1_288' title='bbox 1226 2597 1259 2626; x_wconf 92' lang='lat' dir='ltr'>et</span> 
     </span>
     <span class='ocr_line' id='line_1_39' title="bbox 306 2646 1259 2697; baseline -0.014 1"><span class='ocrx_word' id='word_1_289' title='bbox 306 2660 371 2697; x_wconf 76' lang='lat' dir='ltr'>line¹</span> <span class='ocrx_word' id='word_1_290' title='bbox 405 2656 559 2697; x_wconf 77' lang='lat' dir='ltr'>maxime</span> <span class='ocrx_word' id='word_1_291' title='bbox 589 2653 724 2692; x_wconf 83' lang='lat' dir='ltr'>ratione</span> <span class='ocrx_word' id='word_1_292' title='bbox 753 2650 910 2689; x_wconf 85' lang='lat' dir='ltr'>alienum</span> <span class='ocrx_word' id='word_1_293' title='bbox 943 2662 962 2686; x_wconf 85' lang='lat' dir='ltr'>a</span> <span class='ocrx_word' id='word_1_294' title='bbox 1000 2646 1259 2687; x_wconf 82' lang='lat' dir='ltr'>necessitudine</span> 
     </span>
     <span class='ocr_line' id='line_1_40' title="bbox 305 2708 1258 2773; baseline -0.013 -15"><span class='ocrx_word' id='word_1_295' title='bbox 305 2722 494 2773; x_wconf 76' lang='lat' dir='ltr'>conjuncto</span> <span class='ocrx_word' id='word_1_296' title='bbox 509 2714 758 2754; x_wconf 81' lang='lat' dir='ltr'>discernimus.</span> <span class='ocrx_word' id='word_1_297' title='bbox 778 2713 812 2750; x_wconf 93' lang='lat' dir='ltr'>ls</span> <span class='ocrx_word' id='word_1_298' title='bbox 830 2710 924 2749; x_wconf 90' lang='lat' dir='ltr'>enim</span> <span class='ocrx_word' id='word_1_299' title='bbox 941 2709 1029 2747; x_wconf 80' lang='lat' dir='ltr'>milii</span> <span class='ocrx_word' id='word_1_300' title='bbox 1046 2718 1096 2748; x_wconf 88' lang='lat' dir='ltr'>est</span> <span class='ocrx_word' id='word_1_301' title='bbox 1113 2708 1258 2761; x_wconf 75' lang='lat' dir='ltr'>propin-</span> 
     </span>
     <span class='ocr_line' id='line_1_41' title="bbox 304 2768 1258 2832; baseline -0.012 -15"><span class='ocrx_word' id='word_1_302' title='bbox 304 2795 398 2832; x_wconf 86' lang='lat' dir='ltr'>quus</span> <span class='ocrx_word' id='word_1_303' title='bbox 407 2788 438 2818; x_wconf 92' lang='lat' dir='ltr'>ct</span> <span class='ocrx_word' id='word_1_304' title='bbox 448 2774 704 2816; x_wconf 76' lang='lat' dir='ltr'>necessitudine</span> <span class='ocrx_word' id='word_1_305' title='bbox 717 2770 1005 2824; x_wconf 74' lang='lat' dir='ltr'>conjunctuS,q11i</span> <span class='ocrx_word' id='word_1_306' title='bbox 1016 2768 1180 2808; x_wconf 88' lang='lat' dir='ltr'>eumdem</span> <span class='ocrx_word' id='word_1_307' title='bbox 1189 2769 1258 2807; x_wconf 87' lang='lat' dir='ltr'>sibi</span> 
     </span>
     <span class='ocr_line' id='line_1_42' title="bbox 303 2830 1258 2894; baseline -0.007 -16"><span class='ocrx_word' id='word_1_308' title='bbox 303 2856 408 2894; x_wconf 85' lang='lat' dir='ltr'>quem</span> <span class='ocrx_word' id='word_1_309' title='bbox 428 2854 492 2890; x_wconf 77' lang='lat' dir='ltr'>ego</span> <span class='ocrx_word' id='word_1_310' title='bbox 509 2846 641 2891; x_wconf 78' lang='lat' dir='ltr'>patrem</span> <span class='ocrx_word' id='word_1_311' title='bbox 652 2833 836 2877; x_wconf 82' lang='lat' dir='ltr'>adscribit,</span> <span class='ocrx_word' id='word_1_312' title='bbox 851 2841 944 2870; x_wconf 85' lang='lat' dir='ltr'>etcst</span> <span class='ocrx_word' id='word_1_313' title='bbox 960 2830 1119 2884; x_wconf 83' lang='lat' dir='ltr'>ejusdem</span> <span class='ocrx_word' id='word_1_314' title='bbox 1132 2846 1258 2871; x_wconf 70' lang='lat' dir='ltr'>mensa:</span> 
     </span>
    </p>
   </div>
   <div class='ocr_carea' id='block_1_5' title="bbox 305 2893 1305 2956">
    <p class='ocr_par' dir='ltr' id='par_1_5' title="bbox 305 2893 1305 2956">
     <span class='ocr_line' id='line_1_43' title="bbox 305 2893 1305 2956; baseline -0.007 -17"><span class='ocrx_word' id='word_1_315' title='bbox 305 2903 495 2956; x_wconf 74' lang='lat' dir='ltr'>pai-ticeps,</span> <span class='ocrx_word' id='word_1_316' title='bbox 506 2898 626 2952; x_wconf 82' lang='lat' dir='ltr'>potius</span> <span class='ocrx_word' id='word_1_317' title='bbox 640 2909 748 2945; x_wconf 77' lang='lat' dir='ltr'>quam</span> <span class='ocrx_word' id='word_1_318' title='bbox 764 2895 793 2932; x_wconf 83' lang='lat' dir='ltr'>is</span> <span class='ocrx_word' id='word_1_319' title='bbox 805 2894 866 2944; x_wconf 87' lang='lat' dir='ltr'>qui</span> <span class='ocrx_word' id='word_1_320' title='bbox 884 2902 934 2931; x_wconf 88' lang='lat' dir='ltr'>est</span> <span class='ocrx_word' id='word_1_321' title='bbox 948 2893 1035 2931; x_wconf 82' lang='lat' dir='ltr'>mihi</span> <span class='ocrx_word' id='word_1_322' title='bbox 1047 2907 1172 2943; x_wconf 82' lang='lat' dir='ltr'>genere</span> <span class='ocrx_word' id='word_1_323' title='bbox 1182 2907 1258 2946; x_wconf 84' lang='lat' dir='ltr'>pro·</span> <span class='ocrx_word' id='word_1_324' title='bbox 1281 2915 1305 2947; x_wconf 66' lang='lat' dir='ltr'>g</span> 
     </span>
    </p>
   </div>
   <div class='ocr_carea' id='block_1_6' title="bbox 107 2954 1258 3501">
    <p class='ocr_par' dir='ltr' id='par_1_6' title="bbox 107 2954 1258 3501">
     <span class='ocr_line' id='line_1_44' title="bbox 307 2954 1257 3009; baseline -0.009 -7"><span class='ocrx_word' id='word_1_325' title='bbox 307 2965 424 3002; x_wconf 81' lang='lat' dir='ltr'>ximus</span> <span class='ocrx_word' id='word_1_326' title='bbox 443 2978 450 3000; x_wconf 76' lang='lat' dir='ltr'>z</span> <span class='ocrx_word' id='word_1_327' title='bbox 470 2970 521 2999; x_wconf 78' lang='lat' dir='ltr'>est</span> <span class='ocrx_word' id='word_1_328' title='bbox 551 2960 645 2997; x_wconf 85' lang='lat' dir='ltr'>enim</span> <span class='ocrx_word' id='word_1_329' title='bbox 662 2957 736 2995; x_wconf 79' lang='lat' dir='ltr'>liaec</span> <span class='ocrx_word' id='word_1_330' title='bbox 752 2955 939 3009; x_wconf 78' lang='lat' dir='ltr'>perfectior</span> <span class='ocrx_word' id='word_1_331' title='bbox 955 2954 1010 2993; x_wconf 85' lang='lat' dir='ltr'>lex</span> <span class='ocrx_word' id='word_1_332' title='bbox 1026 2955 1257 3004; x_wconf 78' lang='lat' dir='ltr'>cognationis,</span> 
     </span>
     <span class='ocr_line' id='line_1_45' title="bbox 304 3016 1258 3074; baseline -0.004 -14"><span class='ocrx_word' id='word_1_333' title='bbox 304 3021 604 3074; x_wconf 75' lang='lat' dir='ltr'>quemadmodum</span> <span class='ocrx_word' id='word_1_334' title='bbox 615 3019 719 3057; x_wconf 83' lang='lat' dir='ltr'>etiam</span> <span class='ocrx_word' id='word_1_335' title='bbox 733 3031 811 3069; x_wconf 71' lang='lat' dir='ltr'>qua:</span> <span class='ocrx_word' id='word_1_336' title='bbox 825 3030 868 3055; x_wconf 79' lang='lat' dir='ltr'>ex</span> <span class='ocrx_word' id='word_1_337' title='bbox 880 3016 1066 3054; x_wconf 85' lang='lat' dir='ltr'>contrariis</span> <span class='ocrx_word' id='word_1_338' title='bbox 1076 3017 1113 3054; x_wconf 83' lang='lat' dir='ltr'>lit</span> <span class='ocrx_word' id='word_1_339' title='bbox 1127 3017 1258 3056; x_wconf 85' lang='lat' dir='ltr'>aliena-</span> 
     </span>
     <span class='ocr_line' id='line_1_46' title="bbox 306 3076 1256 3136; baseline -0.008 -13"><span class='ocrx_word' id='word_1_340' title='bbox 306 3087 369 3130; x_wconf 77' lang='lat' dir='ltr'>tio,</span> <span class='ocrx_word' id='word_1_341' title='bbox 382 3082 595 3136; x_wconf 73' lang='lat' dir='ltr'>csinporiior</span> <span class='ocrx_word' id='word_1_342' title='bbox 607 3090 640 3119; x_wconf 87' lang='lat' dir='ltr'>ct</span> <span class='ocrx_word' id='word_1_343' title='bbox 650 3078 851 3118; x_wconf 87' lang='lat' dir='ltr'>evidentior</span> <span class='ocrx_word' id='word_1_344' title='bbox 862 3091 901 3115; x_wconf 76' lang='lat' dir='ltr'>ea</span> <span class='ocrx_word' id='word_1_345' title='bbox 915 3091 993 3128; x_wconf 67' lang='lat' dir='ltr'>qua·</span> <span class='ocrx_word' id='word_1_346' title='bbox 1008 3076 1051 3114; x_wconf 86' lang='lat' dir='ltr'>sit</span> <span class='ocrx_word' id='word_1_347' title='bbox 1064 3091 1106 3114; x_wconf 83' lang='lat' dir='ltr'>ex</span> <span class='ocrx_word' id='word_1_348' title='bbox 1121 3092 1256 3128; x_wconf 77' lang='lat' dir='ltr'>genere.</span> 
     </span>
     <span class='ocr_line' id='line_1_47' title="bbox 305 3136 1255 3194; baseline -0.007 -10"><span class='ocrx_word' id='word_1_349' title='bbox 305 3146 431 3184; x_wconf 78' lang='lat' dir='ltr'>Nelioc</span> <span class='ocrx_word' id='word_1_350' title='bbox 442 3158 525 3193; x_wconf 80' lang='lat' dir='ltr'>ergo</span> <span class='ocrx_word' id='word_1_351' title='bbox 537 3139 747 3194; x_wconf 76' lang='lat' dir='ltr'>respexeris,</span> <span class='ocrx_word' id='word_1_352' title='bbox 763 3137 858 3190; x_wconf 85' lang='lat' dir='ltr'>quod</span> <span class='ocrx_word' id='word_1_353' title='bbox 874 3137 940 3176; x_wconf 74' lang='lat' dir='ltr'>snb</span> <span class='ocrx_word' id='word_1_354' title='bbox 957 3136 1080 3175; x_wconf 86' lang='lat' dir='ltr'>eodem</span> <span class='ocrx_word' id='word_1_355' title='bbox 1094 3138 1178 3176; x_wconf 74' lang='lat' dir='ltr'>caelo</span> <span class='ocrx_word' id='word_1_356' title='bbox 1191 3154 1255 3177; x_wconf 89' lang='lat' dir='ltr'>su-</span> 
     </span>
     <span class='ocr_line' id='line_1_48' title="bbox 307 3198 1257 3251; baseline -0.005 -8"><span class='ocrx_word' id='word_1_357' title='bbox 307 3220 399 3251; x_wconf 79' lang='lat' dir='ltr'>mus,</span> <span class='ocrx_word' id='word_1_358' title='bbox 411 3214 444 3242; x_wconf 92' lang='lat' dir='ltr'>et</span> <span class='ocrx_word' id='word_1_359' title='bbox 459 3205 493 3242; x_wconf 92' lang='lat' dir='ltr'>in</span> <span class='ocrx_word' id='word_1_360' title='bbox 507 3203 631 3241; x_wconf 84' lang='lat' dir='ltr'>eodem</span> <span class='ocrx_word' id='word_1_361' title='bbox 644 3201 730 3240; x_wconf 78' lang='lat' dir='ltr'>orbe</span> <span class='ocrx_word' id='word_1_362' title='bbox 741 3209 915 3239; x_wconf 74' lang='lat' dir='ltr'>teri-nrum</span> <span class='ocrx_word' id='word_1_363' title='bbox 925 3198 1257 3238; x_wconf 67' lang='lat' dir='ltr'>liabitamusmlinm</span> 
     </span>
     <span class='ocr_line' id='line_1_49' title="bbox 308 3257 1253 3312; baseline -0.004 -10"><span class='ocrx_word' id='word_1_364' title='bbox 308 3266 400 3303; x_wconf 83' lang='lat' dir='ltr'>enim</span> <span class='ocrx_word' id='word_1_365' title='bbox 420 3264 706 3302; x_wconf 87' lang='lat' dir='ltr'>communionem</span> <span class='ocrx_word' id='word_1_366' title='bbox 724 3274 862 3312; x_wconf 73' lang='lat' dir='ltr'>qmero,</span> <span class='ocrx_word' id='word_1_367' title='bbox 879 3272 958 3310; x_wconf 77' lang='lat' dir='ltr'>qua:</span> <span class='ocrx_word' id='word_1_368' title='bbox 976 3257 1081 3297; x_wconf 72' lang='lat' dir='ltr'>caelos</span> <span class='ocrx_word' id='word_1_369' title='bbox 1098 3268 1253 3310; x_wconf 70' lang='lat' dir='ltr'>supet-nt.</span> 
     </span>
     <span class='ocr_line' id='line_1_50' title="bbox 111 3319 1257 3364; baseline -0.002 -4"><span class='ocrx_word' id='word_1_370' title='bbox 111 3333 227 3361; x_wconf 63' lang='grc' dir='ltr'>Γηιιω.</span> <span class='ocrx_word' id='word_1_371' title='bbox 246 3335 273 3363; x_wconf 84' lang='lat'>3.</span> <span class='ocrx_word' id='word_1_372' title='bbox 310 3327 386 3364; x_wconf 67' lang='lat' dir='ltr'>utic</span> <span class='ocrx_word' id='word_1_373' title='bbox 416 3335 533 3363; x_wconf 80' lang='lat' dir='ltr'>nostra</span> <span class='ocrx_word' id='word_1_374' title='bbox 561 3333 614 3361; x_wconf 86' lang='lat' dir='ltr'>est</span> <span class='ocrx_word' id='word_1_375' title='bbox 643 3321 864 3361; x_wconf 77' lang='lat' dir='ltr'>conversatio</span> <span class='ocrx_word' id='word_1_376' title='bbox 882 3329 915 3359; x_wconf 87' lang='lat' dir='ltr'>et</span> <span class='ocrx_word' id='word_1_377' title='bbox 935 3320 1006 3359; x_wconf 78' lang='lat' dir='ltr'>vita</span> <span class='ocrx_word' id='word_1_378' title='bbox 1027 3335 1035 3356; x_wconf 88' lang='lat'>:</span> <span class='ocrx_word' id='word_1_379' title='bbox 1058 3319 1148 3357; x_wconf 77' lang='lat' dir='ltr'>Vim</span> <span class='ocrx_word' id='word_1_380' title='bbox 1163 3321 1257 3358; x_wconf 88' lang='lat' dir='ltr'>enim</span> 
     </span>
     <span class='ocr_line' id='line_1_51' title="bbox 107 3375 1257 3435; baseline -0.003 -12"><span class='ocrx_word' id='word_1_381' title='bbox 107 3375 136 3404; x_wconf 77' lang='lat'>³·</span> <span class='ocrx_word' id='word_1_382' title='bbox 311 3396 456 3431; x_wconf 76' lang='lat' dir='ltr'>nostra,</span> <span class='ocrx_word' id='word_1_383' title='bbox 473 3385 601 3435; x_wconf 81' lang='lat' dir='ltr'>inquit,</span> <span class='ocrx_word' id='word_1_384' title='bbox 616 3384 846 3421; x_wconf 76' lang='lat' dir='ltr'>abscondita</span> <span class='ocrx_word' id='word_1_385' title='bbox 860 3391 916 3421; x_wconf 78' lang='lat' dir='ltr'>est</span> <span class='ocrx_word' id='word_1_386' title='bbox 934 3395 1021 3420; x_wconf 84' lang='lat' dir='ltr'>cum</span> <span class='ocrx_word' id='word_1_387' title='bbox 1042 3381 1197 3421; x_wconf 71' lang='lat' dir='ltr'>Christo</span> <span class='ocrx_word' id='word_1_388' title='bbox 1215 3384 1257 3419; x_wconf 84' lang='lat' dir='ltr'>in</span> 
     </span>
     <span class='ocr_line' id='line_1_52' title="bbox 310 3446 1258 3501; baseline -0.003 -13"><span class='ocrx_word' id='word_1_389' title='bbox 310 3453 406 3488; x_wconf 63' lang='lat' dir='ltr'>Ihm.</span> <span class='ocrx_word' id='word_1_390' title='bbox 428 3453 547 3501; x_wconf 78' lang='lat' dir='ltr'>Neque</span> <span class='ocrx_word' id='word_1_391' title='bbox 574 3450 667 3488; x_wconf 88' lang='lat' dir='ltr'>enim</span> <span class='ocrx_word' id='word_1_392' title='bbox 694 3459 823 3487; x_wconf 74' lang='lat' dir='ltr'>ten-nm</span> <span class='ocrx_word' id='word_1_393' title='bbox 853 3447 1068 3496; x_wconf 80' lang='lat' dir='ltr'>habitamus,</span> <span class='ocrx_word' id='word_1_394' title='bbox 1085 3446 1146 3486; x_wconf 87' lang='lat' dir='ltr'>sed</span> <span class='ocrx_word' id='word_1_395' title='bbox 1165 3462 1258 3486; x_wconf 86' lang='lat' dir='ltr'>com·</span> 
     </span>
    </p>
   </div>
   <div class='ocr_carea' id='block_1_7' title="bbox 309 3513 1255 3567">
    <p class='ocr_par' dir='ltr' id='par_1_7' title="bbox 309 3513 1255 3567">
     <span class='ocr_line' id='line_1_53' title="bbox 309 3513 1255 3567; baseline -0.001 -13"><span class='ocrx_word' id='word_1_396' title='bbox 309 3516 538 3565; x_wconf 65' lang='lat' dir='ltr'>migravimus</span> <span class='ocrx_word' id='word_1_397' title='bbox 572 3517 606 3553; x_wconf 86' lang='lat' dir='ltr'>in</span> <span class='ocrx_word' id='word_1_398' title='bbox 640 3530 826 3567; x_wconf 72' lang='lat' dir='ltr'>supernam</span> <span class='ocrx_word' id='word_1_399' title='bbox 863 3514 1101 3567; x_wconf 77' lang='lat' dir='ltr'>metropolim.</span> <span class='ocrx_word' id='word_1_400' title='bbox 1142 3513 1255 3553; x_wconf 73' lang='lat' dir='ltr'>Aliam</span> 
     </span>
    </p>
   </div>
   <div class='ocr_carea' id='block_1_8' title="bbox 1270 3431 2357 3503">
    <p class='ocr_par' dir='ltr' id='par_1_8' title="bbox 1270 3431 2357 3503">
     <span class='ocr_line' id='line_1_54' title="bbox 1270 3431 2357 3503; baseline -0.004 -11"><span class='ocrx_word' id='word_1_401' title='bbox 1270 3431 1316 3497; x_wconf 43' lang='grc' dir='ltr'>ΓΤ</span> <span class='ocrx_word' id='word_1_402' title='bbox 1332 3454 1367 3492; x_wconf 75' lang='grc' dir='ltr'>δὲ</span> <span class='ocrx_word' id='word_1_403' title='bbox 1387 3458 1405 3492; x_wconf 80' lang='grc' dir='ltr'>ὁ</span> <span class='ocrx_word' id='word_1_404' title='bbox 1423 3456 1483 3499; x_wconf 71' lang='grc' dir='ltr'>τῆς</span> <span class='ocrx_word' id='word_1_405' title='bbox 1503 3453 1666 3499; x_wconf 74' lang='grc' dir='ltr'>ἀληθείας</span> <span class='ocrx_word' id='word_1_406' title='bbox 1684 3452 1902 3503; x_wconf 75' lang='grc' dir='ltr'>γυμνάζηται</span> <span class='ocrx_word' id='word_1_407' title='bbox 1921 3453 2020 3503; x_wconf 81' lang='grc' dir='ltr'>λόγος</span> <span class='ocrx_word' id='word_1_408' title='bbox 2034 3482 2044 3497; x_wconf 90' lang='grc'>,</span> <span class='ocrx_word' id='word_1_409' title='bbox 2070 3451 2275 3503; x_wconf 74' lang='grc' dir='ltr'>ἐπιγίνωσκε</span> <span class='ocrx_word' id='word_1_410' title='bbox 2299 3450 2357 3489; x_wconf 76' lang='grc' dir='ltr'>τὸν</span> 
     </span>
    </p>
   </div>
   <div class='ocr_carea' id='block_1_9' title="bbox 747 301 1927 336">
    <p class='ocr_par' dir='ltr' id='par_1_9' title="bbox 747 301 1927 336">
     <span class='ocr_line' id='line_1_55' title="bbox 747 301 1927 336; baseline 0 0"><span class='ocrx_word' id='word_1_411' title='bbox 747 303 786 335; x_wconf 79' lang='grc'>8.</span> <span class='ocrx_word' id='word_1_412' title='bbox 821 302 1007 336; x_wconf 72' lang='lat' dir='ltr'>JOANNIS</span> <span class='ocrx_word' id='word_1_413' title='bbox 1041 301 1283 333; x_wconf 75' lang='lat' dir='ltr'>ettttYSOST.</span> <span class='ocrx_word' id='word_1_414' title='bbox 1324 301 1528 333; x_wconf 73' lang='lat' dir='ltr'>Ancutm’.</span> <span class='ocrx_word' id='word_1_415' title='bbox 1564 301 1927 336; x_wconf 73' lang='lat' dir='ltr'><strong>CONSTANTINOP-</strong></span> 
     </span>
    </p>
   </div>
   <div class='ocr_carea' id='block_1_10' title="bbox 1329 384 2406 3444">
    <p class='ocr_par' dir='ltr' id='par_1_10' title="bbox 1329 384 2406 3444">
     <span class='ocr_line' id='line_1_56' title="bbox 1332 384 2357 443; baseline 0.007 -21"><span class='ocrx_word' id='word_1_416' title='bbox 1332 384 1430 429; x_wconf 78' lang='grc' dir='ltr'>ἀξίας</span> <span class='ocrx_word' id='word_1_417' title='bbox 1458 385 1741 439; x_wconf 79' lang='grc' dir='ltr'>καταδεέστερον.</span> <span class='ocrx_word' id='word_1_418' title='bbox 1760 386 1855 426; x_wconf 71' lang='grc' dir='ltr'><strong>Οὗδὶ</strong></span> <span class='ocrx_word' id='word_1_419' title='bbox 1883 385 1953 440; x_wconf 70' lang='grc' dir='ltr'>γὰρ</span> <span class='ocrx_word' id='word_1_420' title='bbox 1975 385 2066 440; x_wconf 56' lang='lat' dir='ltr'>&amp;qm-e</span> <span class='ocrx_word' id='word_1_421' title='bbox 2082 390 2102 427; x_wconf 76' lang='grc' dir='ltr'><strong>ὁ</strong></span> <span class='ocrx_word' id='word_1_422' title='bbox 2118 388 2210 434; x_wconf 79' lang='grc' dir='ltr'>Θεὸς</span> <span class='ocrx_word' id='word_1_423' title='bbox 2232 389 2357 443; x_wconf 77' lang='grc' dir='ltr'>χρείαν</span> 
     </span>
     <span class='ocr_line' id='line_1_57' title="bbox 1331 446 2357 503; baseline 0.007 -19"><span class='ocrx_word' id='word_1_424' title='bbox 1331 446 1407 499; x_wconf 74' lang='grc' dir='ltr'>ἔχει</span> <span class='ocrx_word' id='word_1_425' title='bbox 1422 477 1432 493; x_wconf 94' lang='grc'>,</span> <span class='ocrx_word' id='word_1_426' title='bbox 1453 446 1510 485; x_wconf 77' lang='grc' dir='ltr'>ἵνα</span> <span class='ocrx_word' id='word_1_427' title='bbox 1525 447 1678 500; x_wconf 81' lang='grc' dir='ltr'>καπνίοῃ</span> <span class='ocrx_word' id='word_1_428' title='bbox 1693 447 1738 487; x_wconf 78' lang='grc' dir='ltr'>τὰ</span> <span class='ocrx_word' id='word_1_429' title='bbox 1751 448 1817 500; x_wconf 78' lang='grc' dir='ltr'>ὄρη</span> <span class='ocrx_word' id='word_1_430' title='bbox 1831 478 1840 496; x_wconf 93' lang='grc'>,</span> <span class='ocrx_word' id='word_1_431' title='bbox 1860 450 1993 500; x_wconf 69' lang='grc' dir='ltr'>μᾶλλον</span> <span class='ocrx_word' id='word_1_432' title='bbox 2011 449 2049 488; x_wconf 63' lang='lat' dir='ltr'>Bi</span> <span class='ocrx_word' id='word_1_433' title='bbox 2067 449 2145 489; x_wconf 69' lang='grc' dir='ltr'>οὖδὶ</span> <span class='ocrx_word' id='word_1_434' title='bbox 2161 450 2332 503; x_wconf 75' lang='grc' dir='ltr'>νεύματος</span> <span class='ocrx_word' id='word_1_435' title='bbox 2345 483 2357 500; x_wconf 91' lang='grc'>,</span> 
     </span>
     <span class='ocr_line' id='line_1_58' title="bbox 1331 507 2357 565; baseline 0.006 -19"><span class='ocrx_word' id='word_1_436' title='bbox 1331 507 1422 546; x_wconf 71' lang='grc' dir='ltr'>ἀλλὰ</span> <span class='ocrx_word' id='word_1_437' title='bbox 1442 510 1570 560; x_wconf 75' lang='grc' dir='ltr'>βουλῆς</span> <span class='ocrx_word' id='word_1_438' title='bbox 1588 509 1648 547; x_wconf 79' lang='grc' dir='ltr'>καὶ</span> <span class='ocrx_word' id='word_1_439' title='bbox 1672 509 1858 556; x_wconf 75' lang='grc' dir='ltr'>θελήσεως.</span> <span class='ocrx_word' id='word_1_440' title='bbox 1890 510 2011 550; x_wconf 75' lang='grc' dir='ltr'>Εἰπὼν</span> <span class='ocrx_word' id='word_1_441' title='bbox 2038 510 2153 549; x_wconf 86' lang='grc' dir='ltr'>τοίνυν</span> <span class='ocrx_word' id='word_1_442' title='bbox 2182 512 2264 565; x_wconf 75' lang='grc' dir='ltr'>περὶ</span> <span class='ocrx_word' id='word_1_443' title='bbox 2292 515 2357 560; x_wconf 78' lang='grc' dir='ltr'>τῆς</span> 
     </span>
     <span class='ocr_line' id='line_1_59' title="bbox 1331 571 2356 626; baseline 0.003 -16"><span class='ocrx_word' id='word_1_444' title='bbox 1331 571 1504 615; x_wconf 80' lang='grc' dir='ltr'>εὐτελείας</span> <span class='ocrx_word' id='word_1_445' title='bbox 1533 575 1593 609; x_wconf 87' lang='grc' dir='ltr'>τοῦ</span> <span class='ocrx_word' id='word_1_446' title='bbox 1627 572 1825 625; x_wconf 79' lang='grc' dir='ltr'>ἀνθρώπου,</span> <span class='ocrx_word' id='word_1_447' title='bbox 1859 572 1955 624; x_wconf 81' lang='grc' dir='ltr'>λέγει</span> <span class='ocrx_word' id='word_1_448' title='bbox 1985 572 2146 626; x_wconf 74' lang='grc' dir='ltr'>καὶπερὶ</span> <span class='ocrx_word' id='word_1_449' title='bbox 2164 575 2228 621; x_wconf 74' lang='grc' dir='ltr'>τῆς</span> <span class='ocrx_word' id='word_1_450' title='bbox 2255 574 2356 613; x_wconf 77' lang='grc' dir='ltr'>δυνά·</span> 
     </span>
     <span class='ocr_line' id='line_1_60' title="bbox 1331 633 2357 686; baseline 0.004 -16"><span class='ocrx_word' id='word_1_451' title='bbox 1331 648 1422 684; x_wconf 89' lang='grc' dir='ltr'>μεως</span> <span class='ocrx_word' id='word_1_452' title='bbox 1436 636 1497 671; x_wconf 82' lang='grc' dir='ltr'>τοῦ</span> <span class='ocrx_word' id='word_1_453' title='bbox 1513 634 1624 680; x_wconf 84' lang='grc' dir='ltr'>Θεοῦ,</span> <span class='ocrx_word' id='word_1_454' title='bbox 1644 635 1692 677; x_wconf 83' lang='grc' dir='ltr'>ὡς</span> <span class='ocrx_word' id='word_1_455' title='bbox 1710 633 1883 686; x_wconf 79' lang='grc' dir='ltr'>ἀνθρώπῳ</span> <span class='ocrx_word' id='word_1_456' title='bbox 1894 634 2037 673; x_wconf 83' lang='grc' dir='ltr'>δυνατὸν</span> <span class='ocrx_word' id='word_1_457' title='bbox 2055 636 2167 673; x_wconf 70' lang='grc' dir='ltr'>εἰπεῖν</span> <span class='ocrx_word' id='word_1_458' title='bbox 2178 650 2188 659; x_wconf 89' lang='grc'><em>·</em></span> <span class='ocrx_word' id='word_1_459' title='bbox 2204 634 2282 673; x_wconf 73' lang='grc' dir='ltr'>ἐπεὶ</span> <span class='ocrx_word' id='word_1_460' title='bbox 2296 634 2357 674; x_wconf 72' lang='grc' dir='ltr'>καὶ</span> 
     </span>
     <span class='ocr_line' id='line_1_61' title="bbox 1329 693 2354 747; baseline 0.004 -16"><span class='ocrx_word' id='word_1_461' title='bbox 1329 695 1441 732; x_wconf 85' lang='grc' dir='ltr'>ταῦτα</span> <span class='ocrx_word' id='word_1_462' title='bbox 1473 693 1562 731; x_wconf 80' lang='grc' dir='ltr'>πολὺ</span> <span class='ocrx_word' id='word_1_463' title='bbox 1599 694 1792 733; x_wconf 84' lang='grc' dir='ltr'>ἀποδέοντα</span> <span class='ocrx_word' id='word_1_464' title='bbox 1827 697 1890 742; x_wconf 74' lang='grc' dir='ltr'>τῆς</span> <span class='ocrx_word' id='word_1_465' title='bbox 1928 695 2178 747; x_wconf 75' lang='grc' dir='ltr'>μεγαλωσύνης</span> <span class='ocrx_word' id='word_1_466' title='bbox 2203 695 2354 743; x_wconf 73' lang='grc' dir='ltr'>ἐκείνης.</span> 
     </span>
     <span class='ocr_line' id='line_1_62' title="bbox 1329 754 2358 810; baseline 0.004 -17"><span class='ocrx_word' id='word_1_467' title='bbox 1329 754 1524 808; x_wconf 72' lang='grc' dir='ltr'>Ἀστραψον</span> <span class='ocrx_word' id='word_1_468' title='bbox 1538 756 1738 809; x_wconf 77' lang='grc' dir='ltr'>ἀστραπὴν,</span> <span class='ocrx_word' id='word_1_469' title='bbox 1752 757 1812 796; x_wconf 79' lang='grc' dir='ltr'>καὶ</span> <span class='ocrx_word' id='word_1_470' title='bbox 1822 763 1999 810; x_wconf 79' lang='grc' dir='ltr'>σκορπιεῖς</span> <span class='ocrx_word' id='word_1_471' title='bbox 2011 757 2147 801; x_wconf 72' lang='grc' dir='ltr'>αὐτούς·</span> <span class='ocrx_word' id='word_1_472' title='bbox 2160 756 2358 802; x_wconf 71' lang='grc' dir='ltr'>ἐξα-πύστει·</span> 
     </span>
     <span class='ocr_line' id='line_1_63' title="bbox 1329 817 2360 871; baseline 0.003 -16"><span class='ocrx_word' id='word_1_473' title='bbox 1329 818 1388 855; x_wconf 87' lang='grc' dir='ltr'>λον</span> <span class='ocrx_word' id='word_1_474' title='bbox 1402 818 1444 856; x_wconf 80' lang='grc' dir='ltr'>τὰ</span> <span class='ocrx_word' id='word_1_475' title='bbox 1460 817 1546 868; x_wconf 80' lang='grc' dir='ltr'>βέλη</span> <span class='ocrx_word' id='word_1_476' title='bbox 1560 833 1636 859; x_wconf 79' lang='grc' dir='ltr'>σου,</span> <span class='ocrx_word' id='word_1_477' title='bbox 1648 819 1707 856; x_wconf 76' lang='grc' dir='ltr'>καὶ</span> <span class='ocrx_word' id='word_1_478' title='bbox 1721 819 1943 871; x_wconf 80' lang='grc' dir='ltr'>συνταράξεις</span> <span class='ocrx_word' id='word_1_479' title='bbox 1959 817 2299 871; x_wconf 79' lang='grc' dir='ltr'>αὖτούς.Ἆστραπὴν</span> <span class='ocrx_word' id='word_1_480' title='bbox 2309 821 2360 858; x_wconf 85' lang='grc' dir='ltr'>ἐν·</span> 
     </span>
     <span class='ocr_line' id='line_1_64' title="bbox 1329 880 2357 934; baseline 0.004 -18"><span class='ocrx_word' id='word_1_481' title='bbox 1329 881 1439 916; x_wconf 80' lang='grc' dir='ltr'>ταῦῦα</span> <span class='ocrx_word' id='word_1_482' title='bbox 1458 880 1516 917; x_wconf 81' lang='grc' dir='ltr'>καὶ</span> <span class='ocrx_word' id='word_1_483' title='bbox 1537 880 1623 931; x_wconf 83' lang='grc' dir='ltr'>βέλη</span> <span class='ocrx_word' id='word_1_484' title='bbox 1643 881 1681 918; x_wconf 86' lang='grc' dir='ltr'>οὖ</span> <span class='ocrx_word' id='word_1_485' title='bbox 1697 880 1760 928; x_wconf 79' lang='grc' dir='ltr'>τὴν</span> <span class='ocrx_word' id='word_1_486' title='bbox 1781 881 1966 933; x_wconf 64' lang='grc' dir='ltr'>ἀστραπὴν</span> <span class='ocrx_word' id='word_1_487' title='bbox 1983 880 2116 927; x_wconf 82' lang='grc' dir='ltr'>ταύτην</span> <span class='ocrx_word' id='word_1_488' title='bbox 2135 880 2256 934; x_wconf 74' lang='grc' dir='ltr'>φησὶν,</span> <span class='ocrx_word' id='word_1_489' title='bbox 2277 880 2357 920; x_wconf 72' lang='grc' dir='ltr'>οὗδὶ</span> 
     </span>
     <span class='ocr_line' id='line_1_65' title="bbox 1330 941 2357 994; baseline 0.003 -16"><span class='ocrx_word' id='word_1_490' title='bbox 1330 945 1440 979; x_wconf 81' lang='grc' dir='ltr'>ταῦτα</span> <span class='ocrx_word' id='word_1_491' title='bbox 1459 941 1502 980; x_wconf 75' lang='grc' dir='ltr'>τὰ</span> <span class='ocrx_word' id='word_1_492' title='bbox 1524 942 1610 993; x_wconf 87' lang='grc' dir='ltr'>βέλη</span> <span class='ocrx_word' id='word_1_493' title='bbox 1627 972 1635 990; x_wconf 95' lang='grc'>,</span> <span class='ocrx_word' id='word_1_494' title='bbox 1659 942 1748 980; x_wconf 73' lang='grc' dir='ltr'>ἀλλὰ</span> <span class='ocrx_word' id='word_1_495' title='bbox 1767 942 1830 986; x_wconf 75' lang='grc' dir='ltr'>τὰς</span> <span class='ocrx_word' id='word_1_496' title='bbox 1848 942 2020 994; x_wconf 77' lang='grc' dir='ltr'>τιμωρίας</span> <span class='ocrx_word' id='word_1_497' title='bbox 2037 941 2129 981; x_wconf 75' lang='grc' dir='ltr'>οὕτω</span> <span class='ocrx_word' id='word_1_498' title='bbox 2145 944 2267 989; x_wconf 82' lang='grc' dir='ltr'>καλεῖ,</span> <span class='ocrx_word' id='word_1_499' title='bbox 2285 942 2357 982; x_wconf 78' lang='grc' dir='ltr'>ἀπὸ</span> 
     </span>
     <span class='ocr_line' id='line_1_66' title="bbox 1330 1002 2356 1055; baseline 0.004 -16"><span class='ocrx_word' id='word_1_500' title='bbox 1330 1004 1398 1039; x_wconf 84' lang='grc' dir='ltr'>τῶν</span> <span class='ocrx_word' id='word_1_501' title='bbox 1415 1003 1482 1050; x_wconf 77' lang='grc' dir='ltr'>ἤδη</span> <span class='ocrx_word' id='word_1_502' title='bbox 1502 1003 1687 1055; x_wconf 80' lang='grc' dir='ltr'>γνωρίμων</span> <span class='ocrx_word' id='word_1_503' title='bbox 1706 1003 1765 1042; x_wconf 75' lang='grc' dir='ltr'>τὸν</span> <span class='ocrx_word' id='word_1_504' title='bbox 1784 1002 2052 1055; x_wconf 61' lang='grc' dir='ltr'>καταφρονητὴν</span> <span class='ocrx_word' id='word_1_505' title='bbox 2071 1002 2199 1041; x_wconf 80' lang='grc' dir='ltr'>πείθων</span> <span class='ocrx_word' id='word_1_506' title='bbox 2218 1003 2279 1042; x_wconf 78' lang='grc' dir='ltr'>καὶ</span> <span class='ocrx_word' id='word_1_507' title='bbox 2296 1004 2356 1043; x_wconf 81' lang='grc' dir='ltr'>τὸν</span> 
     </span>
     <span class='ocr_line' id='line_1_67' title="bbox 1330 1063 2357 1116; baseline 0.004 -16"><span class='ocrx_word' id='word_1_508' title='bbox 1330 1063 1609 1102; x_wconf 77' lang='grc' dir='ltr'>ἀναπεπτωκότα</span> <span class='ocrx_word' id='word_1_509' title='bbox 1625 1064 1765 1116; x_wconf 83' lang='grc' dir='ltr'>τρέμειν</span> <span class='ocrx_word' id='word_1_510' title='bbox 1776 1065 1834 1103; x_wconf 82' lang='grc' dir='ltr'>καὶ</span> <span class='ocrx_word' id='word_1_511' title='bbox 1851 1064 2040 1102; x_wconf 76' lang='grc' dir='ltr'>δεδοικέναι</span> <span class='ocrx_word' id='word_1_512' title='bbox 2058 1064 2117 1102; x_wconf 79' lang='grc' dir='ltr'>καὶ</span> <span class='ocrx_word' id='word_1_513' title='bbox 2130 1064 2357 1104; x_wconf 76' lang='grc' dir='ltr'>ὓποκύπτειν.</span> 
     </span>
     <span class='ocr_line' id='line_1_68' title="bbox 1331 1124 2357 1177; baseline 0.003 -16"><span class='ocrx_word' id='word_1_514' title='bbox 1331 1124 1373 1161; x_wconf 77' lang='lat' dir='ltr'>Ei</span> <span class='ocrx_word' id='word_1_515' title='bbox 1391 1124 1460 1176; x_wconf 74' lang='grc' dir='ltr'>γὰρ</span> <span class='ocrx_word' id='word_1_516' title='bbox 1479 1125 1662 1177; x_wconf 79' lang='grc' dir='ltr'>ἀστραπήν</span> <span class='ocrx_word' id='word_1_517' title='bbox 1685 1141 1735 1169; x_wconf 88' lang='grc' dir='ltr'>τις</span> <span class='ocrx_word' id='word_1_518' title='bbox 1755 1128 1817 1165; x_wconf 83' lang='grc' dir='ltr'>οὐκ</span> <span class='ocrx_word' id='word_1_519' title='bbox 1847 1126 1888 1163; x_wconf 85' lang='grc' dir='ltr'>ἂν</span> <span class='ocrx_word' id='word_1_520' title='bbox 1908 1125 2062 1176; x_wconf 78' lang='grc' dir='ltr'>ἐνέγκοι,</span> <span class='ocrx_word' id='word_1_521' title='bbox 2082 1124 2197 1163; x_wconf 84' lang='grc' dir='ltr'>καίτοι</span> <span class='ocrx_word' id='word_1_522' title='bbox 2214 1126 2279 1164; x_wconf 79' lang='grc' dir='ltr'>οὐκ</span> <span class='ocrx_word' id='word_1_523' title='bbox 2297 1125 2357 1164; x_wconf 74' lang='grc' dir='ltr'>ἐπὶ</span> 
     </span>
     <span class='ocr_line' id='line_1_69' title="bbox 1330 1185 2358 1238; baseline 0.003 -15"><span class='ocrx_word' id='word_1_524' title='bbox 1330 1185 1474 1223; x_wconf 77' lang='grc' dir='ltr'>κολάσει</span> <span class='ocrx_word' id='word_1_525' title='bbox 1493 1186 1741 1236; x_wconf 84' lang='grc' dir='ltr'>πεμπομένην,</span> <span class='ocrx_word' id='word_1_526' title='bbox 1759 1188 1789 1224; x_wconf 82' lang='grc' dir='ltr'>εἶ</span> <span class='ocrx_word' id='word_1_527' title='bbox 1806 1187 1992 1238; x_wconf 74' lang='grc' dir='ltr'>βουληθείη</span> <span class='ocrx_word' id='word_1_528' title='bbox 2012 1189 2153 1233; x_wconf 70' lang='grc' dir='ltr'>κινῆσαι</span> <span class='ocrx_word' id='word_1_529' title='bbox 2169 1186 2232 1233; x_wconf 79' lang='grc' dir='ltr'>τὴν</span> <span class='ocrx_word' id='word_1_530' title='bbox 2248 1203 2358 1238; x_wconf 83' lang='grc' dir='ltr'>τιμω-</span> 
     </span>
     <span class='ocr_line' id='line_1_70' title="bbox 1334 1246 2358 1298; baseline 0.005 -15"><span class='ocrx_word' id='word_1_531' title='bbox 1334 1246 1480 1298; x_wconf 81' lang='grc' dir='ltr'>ρητικὴν</span> <span class='ocrx_word' id='word_1_532' title='bbox 1500 1249 1604 1285; x_wconf 79' lang='grc' dir='ltr'>αὐτοῦ</span> <span class='ocrx_word' id='word_1_533' title='bbox 1630 1246 1792 1297; x_wconf 79' lang='grc' dir='ltr'>δύναμιν,</span> <span class='ocrx_word' id='word_1_534' title='bbox 1826 1247 1878 1290; x_wconf 86' lang='grc' dir='ltr'>τίς</span> <span class='ocrx_word' id='word_1_535' title='bbox 1905 1246 2169 1296; x_wconf 68' lang='grc' dir='ltr'>ὑποστήσεται,</span> <span class='ocrx_word' id='word_1_536' title='bbox 2207 1248 2300 1294; x_wconf 80' lang='grc' dir='ltr'>Βέλη</span> <span class='ocrx_word' id='word_1_537' title='bbox 2321 1249 2358 1288; x_wconf 65' lang='grc' dir='ltr'>δὲ</span> 
     </span>
     <span class='ocr_line' id='line_1_71' title="bbox 1332 1307 2358 1359; baseline 0.002 -14"><span class='ocrx_word' id='word_1_538' title='bbox 1332 1310 1425 1346; x_wconf 82' lang='grc' dir='ltr'>Θεοῦ</span> <span class='ocrx_word' id='word_1_539' title='bbox 1445 1307 1561 1359; x_wconf 77' lang='grc' dir='ltr'>λιμοὶ,</span> <span class='ocrx_word' id='word_1_540' title='bbox 1581 1308 1640 1346; x_wconf 80' lang='grc' dir='ltr'>καὶ</span> <span class='ocrx_word' id='word_1_541' title='bbox 1655 1308 1772 1358; x_wconf 76' lang='grc' dir='ltr'>λοιμοὶ</span> <span class='ocrx_word' id='word_1_542' title='bbox 1788 1337 1797 1355; x_wconf 96' lang='grc'>,</span> <span class='ocrx_word' id='word_1_543' title='bbox 1818 1307 1877 1346; x_wconf 80' lang='grc' dir='ltr'>καὶ</span> <span class='ocrx_word' id='word_1_544' title='bbox 1896 1308 2048 1355; x_wconf 77' lang='grc' dir='ltr'>σκηπτοὶ</span> <span class='ocrx_word' id='word_1_545' title='bbox 2062 1337 2072 1355; x_wconf 92' lang='grc'>,</span> <span class='ocrx_word' id='word_1_546' title='bbox 2090 1309 2150 1347; x_wconf 67' lang='grc' dir='ltr'>καὶ</span> <span class='ocrx_word' id='word_1_547' title='bbox 2165 1310 2358 1354; x_wconf 82' lang='grc' dir='ltr'>πολυειδεῖς</span> 
     </span>
     <span class='ocr_line' id='line_1_72' title="bbox 1332 1369 2356 1423; baseline 0 -16"><span class='ocrx_word' id='word_1_548' title='bbox 1332 1370 1510 1422; x_wconf 86' lang='grc' dir='ltr'>τιμωρίαι.</span> <span class='ocrx_word' id='word_1_549' title='bbox 1542 1369 1814 1413; x_wconf 73' lang='grc' dir='ltr'>Ἐξαπόστειλον</span> <span class='ocrx_word' id='word_1_550' title='bbox 1846 1369 1911 1416; x_wconf 83' lang='grc' dir='ltr'>τὴν</span> <span class='ocrx_word' id='word_1_551' title='bbox 1941 1369 2044 1422; x_wconf 78' lang='grc' dir='ltr'>χεῖρά</span> <span class='ocrx_word' id='word_1_552' title='bbox 2071 1384 2133 1408; x_wconf 83' lang='grc' dir='ltr'>σου</span> <span class='ocrx_word' id='word_1_553' title='bbox 2160 1370 2195 1415; x_wconf 81' lang='grc' dir='ltr'>ἐξ</span> <span class='ocrx_word' id='word_1_554' title='bbox 2225 1370 2331 1423; x_wconf 73' lang='grc' dir='ltr'>ὕψους</span> <span class='ocrx_word' id='word_1_555' title='bbox 2347 1386 2356 1395; x_wconf 89' lang='grc'><em>·</em></span> 
     </span>
     <span class='ocr_line' id='line_1_73' title="bbox 1332 1430 2358 1485; baseline 0.001 -15"><span class='ocrx_word' id='word_1_556' title='bbox 1332 1432 1447 1477; x_wconf 78' lang='grc' dir='ltr'>ἐξελοῦ</span> <span class='ocrx_word' id='word_1_557' title='bbox 1465 1447 1521 1482; x_wconf 82' lang='grc' dir='ltr'>με,</span> <span class='ocrx_word' id='word_1_558' title='bbox 1541 1432 1599 1470; x_wconf 76' lang='grc' dir='ltr'>καὶ</span> <span class='ocrx_word' id='word_1_559' title='bbox 1620 1431 1722 1484; x_wconf 77' lang='grc' dir='ltr'>ῥῦσαί</span> <span class='ocrx_word' id='word_1_560' title='bbox 1741 1447 1784 1482; x_wconf 88' lang='grc' dir='ltr'>με</span> <span class='ocrx_word' id='word_1_561' title='bbox 1803 1430 1839 1476; x_wconf 84' lang='grc' dir='ltr'>ἐξ</span> <span class='ocrx_word' id='word_1_562' title='bbox 1857 1431 1992 1470; x_wconf 80' lang='grc' dir='ltr'>ὑδάτων</span> <span class='ocrx_word' id='word_1_563' title='bbox 2011 1432 2166 1479; x_wconf 77' lang='grc' dir='ltr'>πολλῶν,</span> <span class='ocrx_word' id='word_1_564' title='bbox 2186 1433 2226 1471; x_wconf 82' lang='grc' dir='ltr'>ἐκ</span> <span class='ocrx_word' id='word_1_565' title='bbox 2241 1432 2358 1485; x_wconf 73' lang='grc' dir='ltr'>χειρὸς</span> 
     </span>
     <span class='ocr_line' id='line_1_74' title="bbox 1332 1492 2356 1545; baseline 0.001 -15"><span class='ocrx_word' id='word_1_566' title='bbox 1332 1495 1416 1531; x_wconf 79' lang='grc' dir='ltr'>υἱῶν</span> <span class='ocrx_word' id='word_1_567' title='bbox 1443 1493 1647 1544; x_wconf 78' lang='grc' dir='ltr'>ἀλλοτρίων.</span> <span class='ocrx_word' id='word_1_568' title='bbox 1680 1495 1734 1532; x_wconf 81' lang='grc' dir='ltr'>Οὐ</span> <span class='ocrx_word' id='word_1_569' title='bbox 1764 1493 1831 1545; x_wconf 81' lang='grc' dir='ltr'>γὰρ</span> <span class='ocrx_word' id='word_1_570' title='bbox 1864 1492 1950 1545; x_wconf 81' lang='grc' dir='ltr'>πρὸς</span> <span class='ocrx_word' id='word_1_571' title='bbox 1981 1493 2022 1531; x_wconf 84' lang='grc' dir='ltr'>τὸ</span> <span class='ocrx_word' id='word_1_572' title='bbox 2052 1494 2210 1538; x_wconf 82' lang='grc' dir='ltr'>κολάζειν</span> <span class='ocrx_word' id='word_1_573' title='bbox 2236 1494 2356 1545; x_wconf 86' lang='grc' dir='ltr'>μόνον,</span> 
     </span>
     <span class='ocr_line' id='line_1_75' title="bbox 1333 1554 2358 1606; baseline 0.002 -14"><span class='ocrx_word' id='word_1_574' title='bbox 1333 1554 1425 1592; x_wconf 75' lang='grc' dir='ltr'>ἀλλὰ</span> <span class='ocrx_word' id='word_1_575' title='bbox 1454 1555 1513 1592; x_wconf 80' lang='grc' dir='ltr'>καὶ</span> <span class='ocrx_word' id='word_1_576' title='bbox 1529 1554 1615 1606; x_wconf 78' lang='grc' dir='ltr'>πρὸς</span> <span class='ocrx_word' id='word_1_577' title='bbox 1633 1554 1673 1592; x_wconf 84' lang='grc' dir='ltr'>τὸ</span> <span class='ocrx_word' id='word_1_578' title='bbox 1687 1555 1808 1599; x_wconf 83' lang='grc' dir='ltr'>σώζειν</span> <span class='ocrx_word' id='word_1_579' title='bbox 1826 1554 2072 1606; x_wconf 80' lang='grc' dir='ltr'>ἀπηρτισμένη</span> <span class='ocrx_word' id='word_1_580' title='bbox 2089 1558 2112 1602; x_wconf 81' lang='grc' dir='ltr'>ἡ</span> <span class='ocrx_word' id='word_1_581' title='bbox 2132 1554 2278 1606; x_wconf 83' lang='grc' dir='ltr'>δύναμις</span> <span class='ocrx_word' id='word_1_582' title='bbox 2296 1559 2358 1595; x_wconf 88' lang='grc' dir='ltr'>τοῦ</span> 
     </span>
     <span class='ocr_line' id='line_1_76' title="bbox 1333 1615 2358 1668; baseline 0 -13"><span class='ocrx_word' id='word_1_583' title='bbox 1333 1619 1439 1655; x_wconf 66' lang='grc' dir='ltr'>θεοῦ.</span> <span class='ocrx_word' id='word_1_584' title='bbox 1474 1617 1583 1667; x_wconf 72' lang='grc' dir='ltr'>Χεῖρα</span> <span class='ocrx_word' id='word_1_585' title='bbox 1611 1615 1647 1654; x_wconf 77' lang='grc' dir='ltr'>δὲ</span> <span class='ocrx_word' id='word_1_586' title='bbox 1675 1617 1823 1654; x_wconf 76' lang='grc' dir='ltr'>ἐνταῦθα</span> <span class='ocrx_word' id='word_1_587' title='bbox 1841 1616 1906 1662; x_wconf 68' lang='grc' dir='ltr'>τὴν</span> <span class='ocrx_word' id='word_1_588' title='bbox 1926 1615 2104 1668; x_wconf 76' lang='grc' dir='ltr'>βοήθειαν,</span> <span class='ocrx_word' id='word_1_589' title='bbox 2130 1616 2196 1663; x_wconf 81' lang='grc' dir='ltr'>τὴν</span> <span class='ocrx_word' id='word_1_590' title='bbox 2215 1631 2358 1668; x_wconf 79' lang='grc' dir='ltr'>συμμα·</span> 
     </span>
     <span class='ocr_line' id='line_1_77' title="bbox 1331 1671 2359 1733; baseline 0 -16"><span class='ocrx_word' id='word_1_591' title='bbox 1331 1679 1413 1733; x_wconf 74' lang='grc' dir='ltr'>χίαν</span> <span class='ocrx_word' id='word_1_592' title='bbox 1447 1678 1565 1730; x_wconf 84' lang='grc' dir='ltr'>λέγει·</span> <span class='ocrx_word' id='word_1_593' title='bbox 1599 1679 1651 1716; x_wconf 78' lang='grc' dir='ltr'>διὸ</span> <span class='ocrx_word' id='word_1_594' title='bbox 1681 1678 1759 1716; x_wconf 79' lang='grc' dir='ltr'>οὐδὲ</span> <span class='ocrx_word' id='word_1_595' title='bbox 1790 1677 1942 1716; x_wconf 80' lang='grc' dir='ltr'>ἔκτεινον</span> <span class='ocrx_word' id='word_1_596' title='bbox 1969 1671 2079 1723; x_wconf 74' lang='grc' dir='ltr'>εἶπεν,</span> <span class='ocrx_word' id='word_1_597' title='bbox 2100 1678 2178 1716; x_wconf 82' lang='grc' dir='ltr'>ἀλλ’</span> <span class='ocrx_word' id='word_1_598' title='bbox 2204 1677 2359 1723; x_wconf 71' lang='grc' dir='ltr'>Ἑξαπύ-</span> 
     </span>
     <span class='ocr_line' id='line_1_78' title="bbox 1334 1739 2357 1793; baseline -0.003 -11"><span class='ocrx_word' id='word_1_599' title='bbox 1334 1743 1484 1786; x_wconf 88' lang='grc' dir='ltr'>στειλον,</span> <span class='ocrx_word' id='word_1_600' title='bbox 1505 1744 1608 1779; x_wconf 82' lang='grc' dir='ltr'>τοῦτο</span> <span class='ocrx_word' id='word_1_601' title='bbox 1629 1741 1744 1788; x_wconf 82' lang='grc' dir='ltr'>δηλῶν</span> <span class='ocrx_word' id='word_1_602' title='bbox 1757 1755 1764 1763; x_wconf 90' lang='grc'><em>·</em></span> <span class='ocrx_word' id='word_1_603' title='bbox 1782 1741 1811 1778; x_wconf 79' lang='grc' dir='ltr'>εί</span> <span class='ocrx_word' id='word_1_604' title='bbox 1831 1740 1868 1778; x_wconf 85' lang='grc' dir='ltr'>δέ</span> <span class='ocrx_word' id='word_1_605' title='bbox 1887 1755 1954 1778; x_wconf 88' lang='grc' dir='ltr'>που</span> <span class='ocrx_word' id='word_1_606' title='bbox 1985 1740 2044 1778; x_wconf 75' lang='grc' dir='ltr'>καὶ</span> <span class='ocrx_word' id='word_1_607' title='bbox 2064 1740 2216 1780; x_wconf 80' lang='grc' dir='ltr'>ἔκτεινον</span> <span class='ocrx_word' id='word_1_608' title='bbox 2230 1739 2329 1793; x_wconf 68' lang='grc' dir='ltr'>λέγοι</span> <span class='ocrx_word' id='word_1_609' title='bbox 2346 1770 2357 1788; x_wconf 95' lang='grc'>,</span> 
     </span>
     <span class='ocr_line' id='line_1_79' title="bbox 1332 1799 2360 1849; baseline -0.002 -6"><span class='ocrx_word' id='word_1_610' title='bbox 1332 1803 1372 1843; x_wconf 79' lang='grc' dir='ltr'>τὸ</span> <span class='ocrx_word' id='word_1_611' title='bbox 1393 1803 1477 1843; x_wconf 75' lang='grc' dir='ltr'>αὐτὸ</span> <span class='ocrx_word' id='word_1_612' title='bbox 1495 1803 1603 1841; x_wconf 80' lang='grc' dir='ltr'>πάλιν</span> <span class='ocrx_word' id='word_1_613' title='bbox 1624 1801 1826 1840; x_wconf 78' lang='grc' dir='ltr'>αἰνίττεται.</span> <span class='ocrx_word' id='word_1_614' title='bbox 1851 1801 1921 1840; x_wconf 80' lang='grc' dir='ltr'>Καὶ</span> <span class='ocrx_word' id='word_1_615' title='bbox 1941 1799 2051 1839; x_wconf 73' lang='grc' dir='ltr'>ὕδατα</span> <span class='ocrx_word' id='word_1_616' title='bbox 2068 1802 2105 1840; x_wconf 75' lang='grc' dir='ltr'>δὲ</span> <span class='ocrx_word' id='word_1_617' title='bbox 2122 1801 2187 1849; x_wconf 78' lang='grc' dir='ltr'>τὴν</span> <span class='ocrx_word' id='word_1_618' title='bbox 2207 1802 2360 1841; x_wconf 79' lang='grc' dir='ltr'>ἄτακτον</span> 
     </span>
     <span class='ocr_line' id='line_1_80' title="bbox 1331 1863 2360 1915; baseline -0.002 -12"><span class='ocrx_word' id='word_1_619' title='bbox 1331 1867 1400 1903; x_wconf 86' lang='grc' dir='ltr'>τῶν</span> <span class='ocrx_word' id='word_1_620' title='bbox 1420 1864 1598 1915; x_wconf 85' lang='grc' dir='ltr'>πολεμίων</span> <span class='ocrx_word' id='word_1_621' title='bbox 1628 1863 1749 1915; x_wconf 64' lang='grc' dir='ltr'>ἔφοδον</span> <span class='ocrx_word' id='word_1_622' title='bbox 1768 1863 1868 1901; x_wconf 82' lang='grc' dir='ltr'>καλεῖ</span> <span class='ocrx_word' id='word_1_623' title='bbox 1885 1892 1893 1909; x_wconf 95' lang='grc'>,</span> <span class='ocrx_word' id='word_1_624' title='bbox 1915 1863 1974 1900; x_wconf 74' lang='grc' dir='ltr'>καὶ</span> <span class='ocrx_word' id='word_1_625' title='bbox 1994 1863 2275 1915; x_wconf 70' lang='grc' dir='ltr'>συγκεχυμένην,</span> <span class='ocrx_word' id='word_1_626' title='bbox 2298 1863 2360 1902; x_wconf 75' lang='grc' dir='ltr'>καὶ</span> 
     </span>
     <span class='ocr_line' id='line_1_81' title="bbox 1329 1923 2359 1978; baseline -0.001 -14"><span class='ocrx_word' id='word_1_627' title='bbox 1329 1928 1444 1978; x_wconf 73' lang='grc' dir='ltr'>πολλῇ</span> <span class='ocrx_word' id='word_1_628' title='bbox 1465 1928 1508 1978; x_wconf 84' lang='grc' dir='ltr'>τῇ</span> <span class='ocrx_word' id='word_1_629' title='bbox 1530 1925 1624 1976; x_wconf 79' lang='grc' dir='ltr'>ῥύμῃ</span> <span class='ocrx_word' id='word_1_630' title='bbox 1643 1923 1848 1976; x_wconf 77' lang='grc' dir='ltr'>φερομένην.</span> <span class='ocrx_word' id='word_1_631' title='bbox 1869 1923 1954 1963; x_wconf 82' lang='grc' dir='ltr'>Ὅτι</span> <span class='ocrx_word' id='word_1_632' title='bbox 1970 1924 2041 1977; x_wconf 72' lang='grc' dir='ltr'>’γὰρ</span> <span class='ocrx_word' id='word_1_633' title='bbox 2058 1925 2097 1963; x_wconf 80' lang='grc' dir='ltr'>οὗ</span> <span class='ocrx_word' id='word_1_634' title='bbox 2116 1923 2197 1976; x_wconf 65' lang='grc' dir='ltr'>περὶ</span> <span class='ocrx_word' id='word_1_635' title='bbox 2223 1924 2359 1963; x_wconf 74' lang='grc' dir='ltr'>ὑδάτων</span> 
     </span>
     <span class='ocr_line' id='line_1_82' title="bbox 1329 1984 2357 2039; baseline -0.002 -13"><span class='ocrx_word' id='word_1_636' title='bbox 1329 1989 1348 2026; x_wconf 86' lang='grc' dir='ltr'><strong>ὁ</strong></span> <span class='ocrx_word' id='word_1_637' title='bbox 1365 1986 1485 2038; x_wconf 86' lang='grc' dir='ltr'>λόγος,</span> <span class='ocrx_word' id='word_1_638' title='bbox 1507 1987 1612 2032; x_wconf 75' lang='grc' dir='ltr'>δῆλον</span> <span class='ocrx_word' id='word_1_639' title='bbox 1629 1985 1686 2023; x_wconf 81' lang='grc' dir='ltr'>διὰ</span> <span class='ocrx_word' id='word_1_640' title='bbox 1704 1989 1766 2032; x_wconf 81' lang='grc' dir='ltr'>τῆς</span> <span class='ocrx_word' id='word_1_641' title='bbox 1795 1986 1981 2036; x_wconf 78' lang='grc' dir='ltr'>ἐπαγωγῆς</span> <span class='ocrx_word' id='word_1_642' title='bbox 1996 2000 2004 2008; x_wconf 95' lang='grc'><em>·</em></span> <span class='ocrx_word' id='word_1_643' title='bbox 2021 1984 2088 2024; x_wconf 80' lang='grc' dir='ltr'>Ἐκ</span> <span class='ocrx_word' id='word_1_644' title='bbox 2120 1985 2237 2038; x_wconf 79' lang='grc' dir='ltr'>χειρὸς</span> <span class='ocrx_word' id='word_1_645' title='bbox 2260 1984 2330 2039; x_wconf 71' lang='grc' dir='ltr'>γὰρ</span> <span class='ocrx_word' id='word_1_646' title='bbox 2346 2015 2357 2034; x_wconf 93' lang='grc'>,</span> 
     </span>
     <span class='ocr_line' id='line_1_83' title="bbox 1331 2045 2358 2101; baseline 0 -15"><span class='ocrx_word' id='word_1_647' title='bbox 1331 2047 1448 2101; x_wconf 76' lang='grc' dir='ltr'>φησὶν,</span> <span class='ocrx_word' id='word_1_648' title='bbox 1465 2049 1548 2086; x_wconf 77' lang='grc' dir='ltr'>υἱῶν</span> <span class='ocrx_word' id='word_1_649' title='bbox 1569 2045 1778 2098; x_wconf 86' lang='grc' dir='ltr'>ἀλλοτρίων.</span> <span class='ocrx_word' id='word_1_650' title='bbox 1800 2045 1904 2090; x_wconf 78' lang='grc' dir='ltr'>Υἱοὺς</span> <span class='ocrx_word' id='word_1_651' title='bbox 1927 2046 1964 2085; x_wconf 82' lang='grc' dir='ltr'>δὲ</span> <span class='ocrx_word' id='word_1_652' title='bbox 1983 2045 2187 2099; x_wconf 76' lang='grc' dir='ltr'>ἀλλοτρίως</span> <span class='ocrx_word' id='word_1_653' title='bbox 2209 2046 2358 2086; x_wconf 75' lang='grc' dir='ltr'>ἐνταῦθά</span> 
     </span>
     <span class='ocr_line' id='line_1_84' title="bbox 1332 2105 2357 2160; baseline 0 -12"><span class='ocrx_word' id='word_1_654' title='bbox 1332 2125 1391 2160; x_wconf 88' lang='grc' dir='ltr'>μοι</span> <span class='ocrx_word' id='word_1_655' title='bbox 1411 2110 1504 2147; x_wconf 85' lang='grc' dir='ltr'>δοκεῖ</span> <span class='ocrx_word' id='word_1_656' title='bbox 1534 2107 1649 2160; x_wconf 82' lang='grc' dir='ltr'>λέγειν</span> <span class='ocrx_word' id='word_1_657' title='bbox 1669 2106 1748 2151; x_wconf 77' lang='grc' dir='ltr'>τοὺς</span> <span class='ocrx_word' id='word_1_658' title='bbox 1777 2109 1841 2153; x_wconf 84' lang='grc' dir='ltr'>τῆς</span> <span class='ocrx_word' id='word_1_659' title='bbox 1868 2107 2033 2155; x_wconf 78' lang='grc' dir='ltr'>ἀληθείας</span> <span class='ocrx_word' id='word_1_660' title='bbox 2064 2105 2357 2159; x_wconf 73' lang='grc' dir='ltr'>ἀπεξενωμίνους.</span> 
     </span>
     <span class='ocr_line' id='line_1_85' title="bbox 1329 2167 2359 2223; baseline -0.002 -13"><span class='ocrx_word' id='word_1_661' title='bbox 1329 2171 1471 2223; x_wconf 72' lang='grc' dir='ltr'>αΩσπερ</span> <span class='ocrx_word' id='word_1_662' title='bbox 1490 2170 1558 2222; x_wconf 77' lang='grc' dir='ltr'>γὰρ</span> <span class='ocrx_word' id='word_1_663' title='bbox 1574 2169 1653 2213; x_wconf 82' lang='grc' dir='ltr'>τοὺς</span> <span class='ocrx_word' id='word_1_664' title='bbox 1667 2167 1812 2212; x_wconf 76' lang='grc' dir='ltr'>πιστοὺς</span> <span class='ocrx_word' id='word_1_665' title='bbox 1827 2169 1973 2213; x_wconf 80' lang='grc' dir='ltr'>οἰκείους</span> <span class='ocrx_word' id='word_1_666' title='bbox 1993 2167 2173 2220; x_wconf 72' lang='grc' dir='ltr'>ἡγούμεθα</span> <span class='ocrx_word' id='word_1_667' title='bbox 2188 2169 2248 2207; x_wconf 70' lang='grc' dir='ltr'>καὶ</span> <span class='ocrx_word' id='word_1_668' title='bbox 2259 2170 2359 2208; x_wconf 73' lang='grc' dir='ltr'>ἀδελ-</span> 
     </span>
     <span class='ocr_line' id='line_1_86' title="bbox 1331 2229 2358 2286; baseline -0.001 -15"><span class='ocrx_word' id='word_1_669' title='bbox 1331 2231 1413 2286; x_wconf 77' lang='grc' dir='ltr'>φοὺς</span> <span class='ocrx_word' id='word_1_670' title='bbox 1432 2263 1441 2278; x_wconf 88' lang='grc'>,</span> <span class='ocrx_word' id='word_1_671' title='bbox 1463 2231 1554 2270; x_wconf 80' lang='grc' dir='ltr'>οὕτω</span> <span class='ocrx_word' id='word_1_672' title='bbox 1578 2230 1658 2275; x_wconf 84' lang='grc' dir='ltr'>τοὺς</span> <span class='ocrx_word' id='word_1_673' title='bbox 1688 2229 1857 2274; x_wconf 84' lang='grc' dir='ltr'>ἀπίστους</span> <span class='ocrx_word' id='word_1_674' title='bbox 1889 2229 2117 2282; x_wconf 82' lang='grc' dir='ltr'>ἀλλοτρίους·</span> <span class='ocrx_word' id='word_1_675' title='bbox 2150 2230 2211 2270; x_wconf 73' lang='grc' dir='ltr'>καὶ</span> <span class='ocrx_word' id='word_1_676' title='bbox 2243 2230 2358 2284; x_wconf 78' lang='grc' dir='ltr'>τούτῳ</span> 
     </span>
     <span class='ocr_line' id='line_1_87' title="bbox 1332 2290 2358 2344; baseline 0 -13"><span class='ocrx_word' id='word_1_677' title='bbox 1332 2294 1486 2344; x_wconf 68' lang='grc' dir='ltr'>μάλιστα</span> <span class='ocrx_word' id='word_1_678' title='bbox 1505 2293 1564 2331; x_wconf 85' lang='grc' dir='ltr'>τὸν</span> <span class='ocrx_word' id='word_1_679' title='bbox 1579 2295 1706 2330; x_wconf 84' lang='grc' dir='ltr'>οἰκεῖον</span> <span class='ocrx_word' id='word_1_680' title='bbox 1721 2291 1780 2329; x_wconf 75' lang='grc' dir='ltr'>καὶ</span> <span class='ocrx_word' id='word_1_681' title='bbox 1796 2291 1854 2330; x_wconf 85' lang='grc' dir='ltr'>τὸν</span> <span class='ocrx_word' id='word_1_682' title='bbox 1870 2290 2053 2344; x_wconf 86' lang='grc' dir='ltr'>ἀλλότριον</span> <span class='ocrx_word' id='word_1_683' title='bbox 2068 2291 2358 2344; x_wconf 76' lang='grc' dir='ltr'>ἐπιγινώσκομεν.</span> 
     </span>
     <span class='ocr_line' id='line_1_88' title="bbox 1331 2347 2361 2407; baseline -0.001 -15"><span class='ocrx_word' id='word_1_684' title='bbox 1331 2356 1472 2396; x_wconf 83' lang='grc' dir='ltr'>Οἰκεῖος</span> <span class='ocrx_word' id='word_1_685' title='bbox 1501 2352 1568 2404; x_wconf 74' lang='grc' dir='ltr'>γὰρ</span> <span class='ocrx_word' id='word_1_686' title='bbox 1601 2347 1699 2395; x_wconf 68' lang='grc' dir='ltr'>οὗτος</span> <span class='ocrx_word' id='word_1_687' title='bbox 1726 2356 1744 2390; x_wconf 88' lang='grc' dir='ltr'><strong>ὁ</strong></span> <span class='ocrx_word' id='word_1_688' title='bbox 1770 2352 1829 2390; x_wconf 86' lang='grc' dir='ltr'>τὸν</span> <span class='ocrx_word' id='word_1_689' title='bbox 1851 2351 1954 2390; x_wconf 72' lang='grc' dir='ltr'>αὐτόν</span> <span class='ocrx_word' id='word_1_690' title='bbox 1974 2368 2044 2404; x_wconf 71' lang='grc' dir='ltr'>μοι,</span> <span class='ocrx_word' id='word_1_691' title='bbox 2060 2352 2198 2405; x_wconf 65' lang='grc' dir='ltr'>πατέρα</span> <span class='ocrx_word' id='word_1_692' title='bbox 2215 2354 2361 2407; x_wconf 81' lang='grc' dir='ltr'>ἐπιγρα·</span> 
     </span>
     <span class='ocr_line' id='line_1_89' title="bbox 1332 2413 2360 2466; baseline -0.002 -14"><span class='ocrx_word' id='word_1_693' title='bbox 1332 2416 1478 2466; x_wconf 71' lang='grc' dir='ltr'>φάμενος</span> <span class='ocrx_word' id='word_1_694' title='bbox 1492 2443 1501 2460; x_wconf 96' lang='grc'>,</span> <span class='ocrx_word' id='word_1_695' title='bbox 1524 2413 1583 2451; x_wconf 71' lang='grc' dir='ltr'>καὶ</span> <span class='ocrx_word' id='word_1_696' title='bbox 1603 2416 1664 2459; x_wconf 54' lang='lat' dir='ltr'>vi&lt;</span> <span class='ocrx_word' id='word_1_697' title='bbox 1691 2415 1799 2458; x_wconf 64' lang='grc' dir='ltr'>αὐτῆς</span> <span class='ocrx_word' id='word_1_698' title='bbox 1815 2414 1989 2451; x_wconf 80' lang='grc' dir='ltr'>κοινωνῶν</span> <span class='ocrx_word' id='word_1_699' title='bbox 2006 2414 2203 2466; x_wconf 77' lang='grc' dir='ltr'>τραπέζης,</span> <span class='ocrx_word' id='word_1_700' title='bbox 2224 2416 2360 2466; x_wconf 59' lang='grc' dir='ltr'>μᾶλλον</span> 
     </span>
     <span class='ocr_line' id='line_1_90' title="bbox 1332 2471 2361 2527; baseline 0.003 -15"><span class='ocrx_word' id='word_1_701' title='bbox 1332 2475 1354 2522; x_wconf 81' lang='grc' dir='ltr'>ἢ</span> <span class='ocrx_word' id='word_1_702' title='bbox 1371 2479 1389 2514; x_wconf 86' lang='grc' dir='ltr'><strong>ὁ</strong></span> <span class='ocrx_word' id='word_1_703' title='bbox 1405 2475 1495 2526; x_wconf 83' lang='grc' dir='ltr'>γένει</span> <span class='ocrx_word' id='word_1_704' title='bbox 1514 2474 1701 2526; x_wconf 73' lang='grc' dir='ltr'>προσήκων</span> <span class='ocrx_word' id='word_1_705' title='bbox 1718 2489 1726 2497; x_wconf 92' lang='grc'><em>·</em></span> <span class='ocrx_word' id='word_1_706' title='bbox 1754 2473 1813 2511; x_wconf 79' lang='grc' dir='ltr'>καὶ</span> <span class='ocrx_word' id='word_1_707' title='bbox 1829 2473 1896 2526; x_wconf 69' lang='grc' dir='ltr'>γὰρ</span> <span class='ocrx_word' id='word_1_708' title='bbox 1915 2474 2163 2527; x_wconf 68' lang='grc' dir='ltr'>ἀκριὸέστιρος</span> <span class='ocrx_word' id='word_1_709' title='bbox 2182 2471 2281 2519; x_wconf 71' lang='grc' dir='ltr'>οὗτος</span> <span class='ocrx_word' id='word_1_710' title='bbox 2295 2478 2361 2523; x_wconf 77' lang='grc' dir='ltr'>τῆς</span> 
     </span>
     <span class='ocr_line' id='line_1_91' title="bbox 1332 2528 2358 2589; baseline 0 -14"><span class='ocrx_word' id='word_1_711' title='bbox 1332 2536 1533 2588; x_wconf 84' lang='grc' dir='ltr'>συγγενείας</span> <span class='ocrx_word' id='word_1_712' title='bbox 1566 2538 1584 2574; x_wconf 85' lang='grc' dir='ltr'><strong>ὁ</strong></span> <span class='ocrx_word' id='word_1_713' title='bbox 1614 2535 1716 2587; x_wconf 85' lang='grc' dir='ltr'>νόμος</span> <span class='ocrx_word' id='word_1_714' title='bbox 1731 2565 1740 2581; x_wconf 87' lang='grc'>,</span> <span class='ocrx_word' id='word_1_715' title='bbox 1771 2534 1891 2586; x_wconf 79' lang='grc' dir='ltr'>ὥσπερ</span> <span class='ocrx_word' id='word_1_716' title='bbox 1924 2528 1983 2572; x_wconf 69' lang='grc' dir='ltr'>οὖν</span> <span class='ocrx_word' id='word_1_717' title='bbox 2013 2535 2072 2573; x_wconf 76' lang='grc' dir='ltr'>καὶ</span> <span class='ocrx_word' id='word_1_718' title='bbox 2092 2537 2319 2589; x_wconf 78' lang='grc' dir='ltr'>ἀλλοτριότης</span> <span class='ocrx_word' id='word_1_719' title='bbox 2335 2541 2358 2587; x_wconf 76' lang='grc' dir='ltr'>ἡ</span> 
     </span>
     <span class='ocr_line' id='line_1_92' title="bbox 1334 2596 2357 2649; baseline 0 -13"><span class='ocrx_word' id='word_1_720' title='bbox 1334 2598 1404 2637; x_wconf 82' lang='grc' dir='ltr'>ἀπὸ</span> <span class='ocrx_word' id='word_1_721' title='bbox 1422 2599 1491 2635; x_wconf 79' lang='grc' dir='ltr'>τῶν</span> <span class='ocrx_word' id='word_1_722' title='bbox 1508 2596 1672 2635; x_wconf 78' lang='grc' dir='ltr'>ἐναντίων</span> <span class='ocrx_word' id='word_1_723' title='bbox 1708 2596 1898 2648; x_wconf 80' lang='grc' dir='ltr'>τρανοτέρα</span> <span class='ocrx_word' id='word_1_724' title='bbox 1930 2598 1993 2642; x_wconf 66' lang='grc' dir='ltr'>τῆς</span> <span class='ocrx_word' id='word_1_725' title='bbox 2027 2596 2118 2635; x_wconf 74' lang='grc' dir='ltr'>κατὰ</span> <span class='ocrx_word' id='word_1_726' title='bbox 2148 2597 2260 2649; x_wconf 72' lang='grc' dir='ltr'>γένος.</span> <span class='ocrx_word' id='word_1_727' title='bbox 2294 2599 2357 2647; x_wconf 78' lang='grc' dir='ltr'>Μὴ</span> 
     </span>
     <span class='ocr_line' id='line_1_93' title="bbox 1333 2657 2358 2714; baseline 0.002 -16"><span class='ocrx_word' id='word_1_728' title='bbox 1333 2659 1445 2698; x_wconf 81' lang='grc' dir='ltr'>τοίνυν</span> <span class='ocrx_word' id='word_1_729' title='bbox 1465 2662 1568 2696; x_wconf 86' lang='grc' dir='ltr'>τοῦτο</span> <span class='ocrx_word' id='word_1_730' title='bbox 1597 2658 1694 2710; x_wconf 71' lang='grc' dir='ltr'>ἴδῃς·</span> <span class='ocrx_word' id='word_1_731' title='bbox 1725 2659 1778 2696; x_wconf 81' lang='grc' dir='ltr'>δτι</span> <span class='ocrx_word' id='word_1_732' title='bbox 1812 2658 1879 2696; x_wconf 70' lang='grc' dir='ltr'>ὑπὸ</span> <span class='ocrx_word' id='word_1_733' title='bbox 1911 2657 1970 2695; x_wconf 81' lang='grc' dir='ltr'>τὸν</span> <span class='ocrx_word' id='word_1_734' title='bbox 1999 2659 2103 2697; x_wconf 77' lang='grc' dir='ltr'>αὐτόν</span> <span class='ocrx_word' id='word_1_735' title='bbox 2121 2661 2229 2712; x_wconf 77' lang='grc' dir='ltr'>ἐσμεν</span> <span class='ocrx_word' id='word_1_736' title='bbox 2248 2664 2358 2714; x_wconf 77' lang='grc' dir='ltr'>οὖρα-</span> 
     </span>
     <span class='ocr_line' id='line_1_94' title="bbox 1331 2719 2357 2773; baseline 0.004 -16"><span class='ocrx_word' id='word_1_737' title='bbox 1331 2721 1402 2765; x_wconf 75' lang='grc' dir='ltr'>νὸν,</span> <span class='ocrx_word' id='word_1_738' title='bbox 1425 2720 1483 2758; x_wconf 79' lang='grc' dir='ltr'>καὶ</span> <span class='ocrx_word' id='word_1_739' title='bbox 1511 2720 1574 2766; x_wconf 67' lang='grc' dir='ltr'>τὴν</span> <span class='ocrx_word' id='word_1_740' title='bbox 1595 2719 1702 2766; x_wconf 78' lang='grc' dir='ltr'>αὐτὴν</span> <span class='ocrx_word' id='word_1_741' title='bbox 1731 2719 1938 2770; x_wconf 76' lang='grc' dir='ltr'>οἰκουμένην</span> <span class='ocrx_word' id='word_1_742' title='bbox 1953 2736 1961 2744; x_wconf 86' lang='grc'><em>·</em></span> <span class='ocrx_word' id='word_1_743' title='bbox 1979 2721 2090 2767; x_wconf 82' lang='grc' dir='ltr'>ἀλλην</span> <span class='ocrx_word' id='word_1_744' title='bbox 2107 2720 2176 2773; x_wconf 77' lang='grc' dir='ltr'>γὰρ</span> <span class='ocrx_word' id='word_1_745' title='bbox 2196 2721 2266 2773; x_wconf 73' lang='grc' dir='ltr'>ἐγὼ</span> <span class='ocrx_word' id='word_1_746' title='bbox 2282 2737 2357 2762; x_wconf 84' lang='grc' dir='ltr'>κοι-</span> 
     </span>
     <span class='ocr_line' id='line_1_95' title="bbox 1332 2782 2360 2835; baseline 0 -14"><span class='ocrx_word' id='word_1_747' title='bbox 1332 2783 1455 2822; x_wconf 82' lang='grc' dir='ltr'>νωνίαν</span> <span class='ocrx_word' id='word_1_748' title='bbox 1473 2784 1626 2828; x_wconf 74' lang='grc' dir='ltr'>ἐπιζητῶ</span> <span class='ocrx_word' id='word_1_749' title='bbox 1644 2813 1651 2825; x_wconf 87' lang='grc'>,</span> <span class='ocrx_word' id='word_1_750' title='bbox 1677 2782 1735 2819; x_wconf 78' lang='grc' dir='ltr'>καὶ</span> <span class='ocrx_word' id='word_1_751' title='bbox 1770 2782 1858 2833; x_wconf 79' lang='grc' dir='ltr'>ὑπὲρ</span> <span class='ocrx_word' id='word_1_752' title='bbox 1878 2782 1936 2820; x_wconf 77' lang='grc' dir='ltr'>τὸν</span> <span class='ocrx_word' id='word_1_753' title='bbox 1955 2782 2110 2834; x_wconf 79' lang='grc' dir='ltr'>οὐρανόν.</span> <span class='ocrx_word' id='word_1_754' title='bbox 2133 2782 2231 2822; x_wconf 75' lang='grc' dir='ltr'>Ἐκεῖ</span> <span class='ocrx_word' id='word_1_755' title='bbox 2257 2786 2360 2835; x_wconf 83' lang='grc' dir='ltr'>ἡμῶν</span> 
     </span>
     <span class='ocr_line' id='line_1_96' title="bbox 1331 2842 2358 2897; baseline 0 -14"><span class='ocrx_word' id='word_1_756' title='bbox 1331 2845 1371 2883; x_wconf 83' lang='grc' dir='ltr'>τὸ</span> <span class='ocrx_word' id='word_1_757' title='bbox 1389 2844 1583 2894; x_wconf 81' lang='grc' dir='ltr'>πολίτευμα</span> <span class='ocrx_word' id='word_1_758' title='bbox 1603 2843 1660 2881; x_wconf 75' lang='grc' dir='ltr'>καὶ</span> <span class='ocrx_word' id='word_1_759' title='bbox 1680 2847 1701 2887; x_wconf 73' lang='grc' dir='ltr'>ἦ</span> <span class='ocrx_word' id='word_1_760' title='bbox 1723 2843 1793 2889; x_wconf 77' lang='grc' dir='ltr'>ζωή</span> <span class='ocrx_word' id='word_1_761' title='bbox 1806 2859 1813 2866; x_wconf 94' lang='grc'><strong><em>·</em></strong></span> <span class='ocrx_word' id='word_1_762' title='bbox 1841 2843 1923 2890; x_wconf 76' lang='grc' dir='ltr'>Ζωὴ</span> <span class='ocrx_word' id='word_1_763' title='bbox 1944 2842 2011 2896; x_wconf 73' lang='grc' dir='ltr'>γὰρ</span> <span class='ocrx_word' id='word_1_764' title='bbox 2030 2846 2150 2895; x_wconf 77' lang='grc' dir='ltr'>ἡμῶν,</span> <span class='ocrx_word' id='word_1_765' title='bbox 2171 2843 2278 2897; x_wconf 71' lang='grc' dir='ltr'>φησὶ,</span> <span class='ocrx_word' id='word_1_766' title='bbox 2295 2844 2358 2883; x_wconf 71' lang='grc' dir='ltr'>κί-</span> 
     </span>
     <span class='ocr_line' id='line_1_97' title="bbox 1331 2904 2357 2959; baseline -0.001 -15"><span class='ocrx_word' id='word_1_767' title='bbox 1331 2921 1482 2959; x_wconf 80' lang='grc' dir='ltr'>κρυπται</span> <span class='ocrx_word' id='word_1_768' title='bbox 1503 2904 1563 2943; x_wconf 64' lang='grc' dir='ltr'>σὺν</span> <span class='ocrx_word' id='word_1_769' title='bbox 1584 2907 1633 2957; x_wconf 77' lang='grc' dir='ltr'>τῷ</span> <span class='ocrx_word' id='word_1_770' title='bbox 1666 2905 1808 2956; x_wconf 70' lang='grc' dir='ltr'>Χριστῷ</span> <span class='ocrx_word' id='word_1_771' title='bbox 1838 2905 1873 2942; x_wconf 78' lang='grc' dir='ltr'>ἐν</span> <span class='ocrx_word' id='word_1_772' title='bbox 1892 2907 1942 2956; x_wconf 79' lang='grc' dir='ltr'>τῷ</span> <span class='ocrx_word' id='word_1_773' title='bbox 1961 2907 2056 2956; x_wconf 70' lang='grc' dir='ltr'>Θεῷ.</span> <span class='ocrx_word' id='word_1_774' title='bbox 2086 2905 2179 2943; x_wconf 76' lang='grc' dir='ltr'>Οὐδέ</span> <span class='ocrx_word' id='word_1_775' title='bbox 2205 2905 2275 2958; x_wconf 76' lang='grc' dir='ltr'>γὰρ</span> <span class='ocrx_word' id='word_1_776' title='bbox 2290 2907 2357 2957; x_wconf 75' lang='grc' dir='ltr'>γῆν</span> 
     </span>
     <span class='ocr_line' id='line_1_98' title="bbox 1330 2965 2359 3018; baseline -0.002 -11"><span class='ocrx_word' id='word_1_777' title='bbox 1330 2969 1507 3016; x_wconf 76' lang='grc' dir='ltr'>οἰκοῦμεν,</span> <span class='ocrx_word' id='word_1_778' title='bbox 1530 2965 1619 3004; x_wconf 72' lang='grc' dir='ltr'>ἀλλὰ</span> <span class='ocrx_word' id='word_1_779' title='bbox 1650 2965 1868 3016; x_wconf 82' lang='grc' dir='ltr'>μετέστημεν</span> <span class='ocrx_word' id='word_1_780' title='bbox 1889 2965 1974 3017; x_wconf 78' lang='grc' dir='ltr'>πρὸς</span> <span class='ocrx_word' id='word_1_781' title='bbox 1993 2965 2058 3012; x_wconf 77' lang='grc' dir='ltr'>τὴν</span> <span class='ocrx_word' id='word_1_782' title='bbox 2078 2966 2151 3003; x_wconf 75' lang='grc' dir='ltr'>ἀνω</span> <span class='ocrx_word' id='word_1_783' title='bbox 2179 2965 2359 3018; x_wconf 76' lang='grc' dir='ltr'>μητρόπο-</span> 
     </span>
     <span class='ocr_line' id='line_1_99' title="bbox 1329 3025 2357 3080; baseline 0 -14"><span class='ocrx_word' id='word_1_784' title='bbox 1329 3029 1400 3067; x_wconf 86' lang='grc' dir='ltr'>λιν.</span> <span class='ocrx_word' id='word_1_785' title='bbox 1419 3028 1504 3065; x_wconf 78' lang='grc' dir='ltr'>Ἵ·’.τε</span> <span class='ocrx_word' id='word_1_786' title='bbox 1513 3043 1567 3079; x_wconf 82' lang='grc' dir='ltr'>ρον</span> <span class='ocrx_word' id='word_1_787' title='bbox 1588 3029 1659 3079; x_wconf 77' lang='grc' dir='ltr'>φῶς</span> <span class='ocrx_word' id='word_1_788' title='bbox 1679 3027 1841 3072; x_wconf 74' lang='grc' dir='ltr'>ἀληθινὸν</span> <span class='ocrx_word' id='word_1_789' title='bbox 1871 3025 2012 3078; x_wconf 66' lang='grc' dir='ltr'>ἔχομεν,</span> <span class='ocrx_word' id='word_1_790' title='bbox 2036 3025 2159 3078; x_wconf 72' lang='grc' dir='ltr'>ἑτέραν</span> <span class='ocrx_word' id='word_1_791' title='bbox 2177 3027 2331 3080; x_wconf 83' lang='grc' dir='ltr'>πατρίδα</span> <span class='ocrx_word' id='word_1_792' title='bbox 2345 3056 2357 3075; x_wconf 88' lang='grc'>,</span> 
     </span>
     <span class='ocr_line' id='line_1_100' title="bbox 1331 3086 2359 3137; baseline -0.001 -10"><span class='ocrx_word' id='word_1_793' title='bbox 1331 3088 1390 3128; x_wconf 76' lang='grc' dir='ltr'>καὶ</span> <span class='ocrx_word' id='word_1_794' title='bbox 1409 3088 1553 3131; x_wconf 79' lang='grc' dir='ltr'>πολίτας</span> <span class='ocrx_word' id='word_1_795' title='bbox 1584 3088 1710 3129; x_wconf 77' lang='grc' dir='ltr'>ἄλλους</span> <span class='ocrx_word' id='word_1_796' title='bbox 1739 3086 1797 3124; x_wconf 69' lang='grc' dir='ltr'>καὶ</span> <span class='ocrx_word' id='word_1_797' title='bbox 1829 3091 2017 3137; x_wconf 79' lang='grc' dir='ltr'>συγγενεῖς.</span> <span class='ocrx_word' id='word_1_798' title='bbox 2045 3086 2108 3125; x_wconf 80' lang='grc' dir='ltr'>Διὸ</span> <span class='ocrx_word' id='word_1_799' title='bbox 2132 3086 2192 3125; x_wconf 77' lang='grc' dir='ltr'>καὶ</span> <span class='ocrx_word' id='word_1_800' title='bbox 2217 3088 2359 3131; x_wconf 85' lang='grc' dir='ltr'>Παῦλος</span> 
     </span>
     <span class='ocr_line' id='line_1_101' title="bbox 1332 3145 2356 3202; baseline -0.001 -14"><span class='ocrx_word' id='word_1_801' title='bbox 1332 3150 1448 3202; x_wconf 71' lang='grc' dir='ltr'>ἔλεγεν</span> <span class='ocrx_word' id='word_1_802' title='bbox 1461 3165 1468 3173; x_wconf 90' lang='grc'><em>·</em></span> <span class='ocrx_word' id='word_1_803' title='bbox 1489 3149 1574 3200; x_wconf 69' lang='lat' dir='ltr'>&#39;Apa</span> <span class='ocrx_word' id='word_1_804' title='bbox 1593 3149 1655 3185; x_wconf 79' lang='grc' dir='ltr'>οὐκ</span> <span class='ocrx_word' id='word_1_805' title='bbox 1675 3146 1752 3184; x_wconf 66' lang='grc' dir='ltr'>ἐστὶ</span> <span class='ocrx_word' id='word_1_806' title='bbox 1771 3145 1857 3190; x_wconf 77' lang='grc' dir='ltr'>ξένοι</span> <span class='ocrx_word' id='word_1_807' title='bbox 1877 3147 1935 3184; x_wconf 74' lang='grc' dir='ltr'>καὶ</span> <span class='ocrx_word' id='word_1_808' title='bbox 1955 3147 2139 3199; x_wconf 69' lang='grc' dir='ltr'>πάροικοι.</span> <span class='ocrx_word' id='word_1_809' title='bbox 2157 3147 2248 3186; x_wconf 70' lang='grc' dir='ltr'>ἀλλὰ</span> <span class='ocrx_word' id='word_1_810' title='bbox 2267 3164 2356 3200; x_wconf 84' lang='grc' dir='ltr'>συμ-</span> 
     </span>
     <span class='ocr_line' id='line_1_102' title="bbox 1332 3201 2358 3262; baseline -0.004 -12"><span class='ocrx_word' id='word_1_811' title='bbox 1332 3213 1471 3250; x_wconf 86' lang='grc' dir='ltr'>πολῖται</span> <span class='ocrx_word' id='word_1_812' title='bbox 1490 3211 1558 3247; x_wconf 84' lang='grc' dir='ltr'>τῶν</span> <span class='ocrx_word' id='word_1_813' title='bbox 1575 3209 1694 3260; x_wconf 83' lang='grc' dir='ltr'>ἁγίων.</span> <span class='ocrx_word' id='word_1_814' title='bbox 1724 3208 1808 3250; x_wconf 83' lang='grc' dir='ltr'>Πῶς</span> <span class='ocrx_word' id='word_1_815' title='bbox 1831 3201 1902 3254; x_wconf 63' lang='grc' dir='ltr'>οὖν,</span> <span class='ocrx_word' id='word_1_816' title='bbox 1923 3208 2027 3261; x_wconf 69' lang='grc' dir='ltr'>φησὶ,</span> <span class='ocrx_word' id='word_1_817' title='bbox 2050 3209 2108 3247; x_wconf 79' lang='grc' dir='ltr'>τὸν</span> <span class='ocrx_word' id='word_1_818' title='bbox 2129 3208 2358 3262; x_wconf 78' lang='grc' dir='ltr'>Σαμαρείτην</span> 
     </span>
     <span class='ocr_line' id='line_1_103' title="bbox 1331 3263 2359 3323; baseline -0.002 -13"><span class='ocrx_word' id='word_1_819' title='bbox 1331 3271 1482 3319; x_wconf 86' lang='grc' dir='ltr'>πλησίον</span> <span class='ocrx_word' id='word_1_820' title='bbox 1501 3271 1627 3323; x_wconf 74' lang='grc' dir='ltr'>ἔφησεν</span> <span class='ocrx_word' id='word_1_821' title='bbox 1646 3263 1733 3307; x_wconf 74' lang='grc' dir='ltr'>εἶναι</span> <span class='ocrx_word' id='word_1_822' title='bbox 1753 3271 1771 3306; x_wconf 84' lang='grc' dir='ltr'><strong>ὁ</strong></span> <span class='ocrx_word' id='word_1_823' title='bbox 1792 3267 1941 3320; x_wconf 70' lang='grc' dir='ltr'>Χριστὸς</span> <span class='ocrx_word' id='word_1_824' title='bbox 1955 3298 1964 3316; x_wconf 92' lang='grc'>,</span> <span class='ocrx_word' id='word_1_825' title='bbox 1985 3269 2100 3307; x_wconf 82' lang='grc' dir='ltr'>καίτοι</span> <span class='ocrx_word' id='word_1_826' title='bbox 2118 3269 2208 3308; x_wconf 71' lang='grc' dir='ltr'>πολὺ</span> <span class='ocrx_word' id='word_1_827' title='bbox 2235 3270 2277 3309; x_wconf 81' lang='grc' dir='ltr'>τὸ</span> <span class='ocrx_word' id='word_1_828' title='bbox 2295 3268 2359 3320; x_wconf 74' lang='grc' dir='ltr'>μί-</span> 
     </span>
     <span class='ocr_line' id='line_1_104' title="bbox 1333 3329 2358 3382; baseline -0.004 -10"><span class='ocrx_word' id='word_1_829' title='bbox 1333 3350 1392 3372; x_wconf 87' lang='grc' dir='ltr'>σον</span> <span class='ocrx_word' id='word_1_830' title='bbox 1407 3334 1462 3379; x_wconf 80' lang='grc' dir='ltr'>ὄν;</span> <span class='ocrx_word' id='word_1_831' title='bbox 1483 3332 1575 3371; x_wconf 78' lang='grc' dir='ltr'>Ἀλλ’</span> <span class='ocrx_word' id='word_1_832' title='bbox 1603 3331 1642 3369; x_wconf 81' lang='grc' dir='ltr'>οὖ</span> <span class='ocrx_word' id='word_1_833' title='bbox 1669 3329 1758 3369; x_wconf 67' lang='grc' dir='ltr'>κατὰ</span> <span class='ocrx_word' id='word_1_834' title='bbox 1779 3330 1834 3368; x_wconf 79' lang='grc' dir='ltr'>τὸν</span> <span class='ocrx_word' id='word_1_835' title='bbox 1854 3333 1916 3376; x_wconf 70' lang='grc' dir='ltr'>τῆς</span> <span class='ocrx_word' id='word_1_836' title='bbox 1948 3329 2081 3382; x_wconf 66' lang='grc' dir='ltr'>φύσεως</span> <span class='ocrx_word' id='word_1_837' title='bbox 2107 3330 2222 3382; x_wconf 84' lang='grc' dir='ltr'>λόγον.</span> <span class='ocrx_word' id='word_1_838' title='bbox 2240 3329 2358 3369; x_wconf 82' lang='grc' dir='ltr'>Ὅταν</span> 
     </span>
     <span class='ocr_line' id='line_1_105' title="bbox 1332 3387 2406 3444; baseline -0.001 -13"><span class='ocrx_word' id='word_1_839' title='bbox 1332 3387 1391 3431; x_wconf 67' lang='grc' dir='ltr'>οὖν</span> <span class='ocrx_word' id='word_1_840' title='bbox 1411 3395 1562 3431; x_wconf 78' lang='grc' dir='ltr'>εὐποιεὶν</span> <span class='ocrx_word' id='word_1_841' title='bbox 1580 3391 1640 3444; x_wconf 79' lang='grc' dir='ltr'>δέῃ</span> <span class='ocrx_word' id='word_1_842' title='bbox 1653 3420 1662 3435; x_wconf 82' lang='grc'>,</span> <span class='ocrx_word' id='word_1_843' title='bbox 1679 3397 1746 3434; x_wconf 71' lang='grc' dir='ltr'>πᾶς</span> <span class='ocrx_word' id='word_1_844' title='bbox 1766 3391 1945 3443; x_wconf 72' lang='grc' dir='ltr'>ἀνῡριινπός</span> <span class='ocrx_word' id='word_1_845' title='bbox 1963 3406 2015 3430; x_wconf 87' lang='grc' dir='ltr'>σοι</span> <span class='ocrx_word' id='word_1_846' title='bbox 2035 3391 2135 3442; x_wconf 70' lang='grc' dir='ltr'>ἐγγὺς</span> <span class='ocrx_word' id='word_1_847' title='bbox 2150 3390 2258 3430; x_wconf 66' lang='lat' dir='ltr'>lem·</span> <span class='ocrx_word' id='word_1_848' title='bbox 2273 3390 2357 3428; x_wconf 79' lang='grc' dir='ltr'>δταν</span> <span class='ocrx_word' id='word_1_849' title='bbox 2403 3424 2406 3430; x_wconf 97' lang='grc'>.</span> 
     </span>
    </p>
   </div>
   <div class='ocr_carea' id='block_1_11' title="bbox 1333 3510 2356 3565">
    <p class='ocr_par' dir='ltr' id='par_1_11' title="bbox 1333 3510 2356 3565">
     <span class='ocr_line' id='line_1_106' title="bbox 1333 3510 2356 3565; baseline -0.005 -13"><span class='ocrx_word' id='word_1_850' title='bbox 1333 3516 1458 3552; x_wconf 77' lang='grc' dir='ltr'>οἰκεῖον</span> <span class='ocrx_word' id='word_1_851' title='bbox 1477 3514 1535 3552; x_wconf 75' lang='grc' dir='ltr'>καὶ</span> <span class='ocrx_word' id='word_1_852' title='bbox 1554 3513 1612 3551; x_wconf 85' lang='grc' dir='ltr'>τὸν</span> <span class='ocrx_word' id='word_1_853' title='bbox 1634 3513 1824 3565; x_wconf 78' lang='grc' dir='ltr'>ἀλλότριον.</span> <span class='ocrx_word' id='word_1_854' title='bbox 1857 3513 1932 3551; x_wconf 69' lang='grc' dir='ltr'>Κάν</span> <span class='ocrx_word' id='word_1_855' title='bbox 1952 3512 2098 3564; x_wconf 69' lang='grc' dir='ltr'>ἀδελφὸν</span> <span class='ocrx_word' id='word_1_856' title='bbox 2118 3511 2201 3563; x_wconf 72' lang='grc' dir='ltr'>ἔχῃς</span> <span class='ocrx_word' id='word_1_857' title='bbox 2220 3510 2356 3562; x_wconf 67' lang='grc' dir='ltr'>ὁμοπά·</span> 
     </span>
    </p>
   </div>
  </div>
 </body>
</html>
