2430 3721
97 406 244 444 Queren-

54 448 109 476 ‹lus
124 449 203 476 neus
216 455 246 477 et

53 491 215 529 exquiren-

55 533 121 560 dus.

55 1024 157 1054 mul.
175 1023 240 1062 7-8·

58 1264 196 1296 lsai.66.
216 1274 242 1294 Ι.

57 1330 240 1372 psa-944

97 1397 247 1425 Ralnitalio

58 1438 112 1466 Dei
125 1449 189 1476 qun:
201 1440 247 1466 in-

57 1481 214 1517 telligatur.

53 2012 122 2039 Sion
141 2011 239 2038 Eccle-

56 2056 106 2080 siz.

58 2095 146 2122 llelrr.
166 2102 212 2122 ¹2.

56 2144 102 2166 22.

58 3065 134 3091 (len.
159 3073 190 3102 9.
210 3065 238 3094 5.

262 134 348 164 122

306 218 343 256 6.
372 215 562 265 Quomodo
579 231 664 270 ergo
678 219 796 258 Deum
814 234 970 272 quaerere
996 219 1214 273 possumus?

254 277 409 326 Quando
422 278 510 318 illuc
527 279 691 318 animum
702 280 1084 332 intendimus,quando
1104 280 1151 319 ab
1169 280 1214 319 iis

253 354 334 392 quae
351 339 398 379 ad
424 340 516 379 hanc
541 341 655 380 vitam
675 341 850 394 pertinent
865 342 1040 380 suen-imus
1055 341 1212 380 liberati.

256 401 327 449 Qui
341 402 437 441 enim
451 403 592 454 quaerit,
602 403 723 441 omnia
733 417 779 440 ex
797 403 918 441 animo
937 403 1094 455 ejiciens,
1109 404 1207 443 venit

257 462 303 502 ad
331 463 423 502 illud
439 463 538 516 quod
558 464 700 515 quaerit.
723 464 795 502 Nec
820 474 957 518 oportet
975 465 1093 503 solum
1119 480 1216 517 quae-

257 540 344 573 rere,
352 524 414 563 sed
427 525 534 563 etiam
552 524 750 576 exquirere.
767 525 839 573 Qui
858 526 1029 579 exquirit,
1047 541 1117 566 non
1137 527 1215 581 ipse

255 586 372 625 solum
392 586 530 639 quaerit,
551 586 612 625 sed
642 586 799 626 aliorum
818 588 926 627 etiam
939 603 1007 642 ope
1026 590 1153 639 utitur,
1174 599 1214 630 ut

255 648 412 686 inveniat
430 646 526 699 quod
544 648 683 699 quaerit.
695 649 766 688 Sed
786 650 821 689 in
842 650 887 689 iis
901 650 1047 703 quidem
1067 666 1146 703 quae
1164 651 1212 692 ad

255 709 346 748 hanc
371 709 482 748 vitam
514 709 704 763 pertinent,
723 725 805 750 cum
840 726 932 766 saepe
950 713 1212 764 quaesierimus,

254 785 324 809 non
342 770 543 809 invenimus
564 787 572 808 :
593 771 629 810 in
650 772 900 825 spiritualibus
917 783 1036 813 autem
1057 775 1126 814 hoc
1142 789 1213 814 non

254 832 350 881 licet,
369 832 430 870 sed
445 832 591 871 omnino
608 848 746 872 necesse
756 844 807 873 est
829 844 864 872 ut
884 836 946 888 qui
966 837 1093 888 quaerit
1117 837 1216 875 inve-

255 894 391 934 niat.Si
408 895 501 934 enim
515 894 561 933 ad
580 896 812 947 quaerendum
832 907 971 936 tantum
991 898 1121 950 egressi
1136 899 1215 937 sue-

255 956 380 1004 rimus,
402 972 470 996 non
486 958 659 1010 permittit
679 960 776 997 Deus
797 968 835 997 ut
855 973 916 997 nos
935 959 1092 997 multum
1110 973 1215 998 vexe-

255 1032 349 1065 mur,
367 1027 401 1056 et
420 1018 498 1056 ideo
517 1019 606 1057 dicit
626 1035 634 1056 :
662 1020 798 1058 Omnis
831 1023 899 1071 qui
928 1023 1082 1071 quaerit,
1100 1023 1215 1058 inve-

255 1079 324 1114 nit.
345 1079 408 1115 12.
425 1077 592 1115 Psallite
613 1079 780 1116 Domino
801 1080 868 1130 qui
887 1079 1096 1118 habitatin
1109 1080 1215 1118 Sion.

256 1137 370 1186 Alius,
385 1140 460 1189 Qui
473 1140 854 1178 sedet.Annuntiate
871 1143 973 1179 incer
990 1150 1121 1193 gentes
1139 1150 1217 1181 stu-

255 1201 323 1237 dia
354 1201 449 1251 ejus.
472 1200 575 1238 Alius
589 1200 693 1245 dicit.
714 1204 764 1239 ln
781 1202 935 1254 populis
953 1204 1217 1242 machinatio-

259 1275 325 1301 nes
355 1264 449 1314 ejus.
469 1261 568 1309 Quid
586 1262 708 1300 dicis?
728 1263 841 1316 Cujus
873 1263 1001 1302 caelum
1033 1264 1133 1303 sedes
1152 1275 1215 1316 est,
1239 1286 1263 1316 C

259 1334 292 1363 et
320 1334 411 1362 terra
438 1325 635 1363 scabellum
661 1324 806 1378 pedum,
827 1327 931 1379 eujus
946 1326 981 1365 in
1001 1341 1111 1366 manu
1132 1337 1216 1367 sunt

261 1387 350 1425 lines
376 1396 491 1434 terrae,
524 1387 555 1426 is
584 1387 722 1426 habitat
742 1388 778 1426 in
803 1388 918 1427 Sion?
937 1390 1040 1428 Certe
1056 1405 1064 1426 :
1080 1389 1219 1429 habita-

262 1450 393 1490 tionem
421 1450 517 1489 enim
548 1450 608 1489 hic
634 1450 740 1499 dicit,
771 1465 840 1489 non
872 1451 950 1489 loco
981 1452 1218 1492 circumcludi

260 1518 271 1561 (
288 1522 339 1551 est
357 1513 452 1551 enim
486 1513 626 1551 infinita
644 1513 722 1565 ejus
753 1512 999 1564 magnitudo),
1018 1513 1079 1552 sed
1109 1530 1216 1567 pecu-

257 1575 382 1614 liarem
412 1574 634 1613 affectionem
672 1573 719 1612 ad
753 1574 873 1613 locum
886 1605 896 1623 ,
928 1585 962 1613 et
999 1576 1216 1628 peculiarem

259 1638 295 1676 in
328 1652 410 1676 eum
437 1637 723 1691 propensionem,
739 1645 777 1674 ut
802 1635 947 1676 Judaeos
967 1652 1030 1690 per
1050 1638 1142 1677 banc
1159 1641 1217 1679 sui

256 1700 511 1739 demissionem
538 1698 586 1738 ad
612 1715 650 1738 se
668 1698 881 1737 attraheret:
903 1709 1088 1753 propterea
1121 1703 1217 1742 enim

257 1770 375 1800 nostra
392 1776 532 1813 quoqne
546 1760 675 1800 domus
693 1775 768 1799 esse
786 1760 1037 1812 dicitur,quod
1058 1763 1217 1814 peculia-

257 1823 342 1862 riter
357 1824 391 1861 in
406 1837 484 1861 eam
502 1823 718 1861 afficiamur.
736 1824 818 1862 Jam
838 1837 923 1860 vero
943 1823 979 1861 in
1005 1823 1108 1862 nobis
1125 1840 1216 1877 quo-

255 1899 325 1936 que
338 1884 501 1922 habitare
515 1883 662 1930 dieitur,
683 1897 752 1921 non
778 1883 875 1934 quod
894 1898 913 1921 a
938 1885 1041 1924 nobis
1055 1900 1215 1940 compre*

256 1946 446 1993 hendatur,
466 1945 527 1985 sed
559 1944 656 1998 quod
682 1945 826 1998 proprie
845 1959 887 1983 ac
914 1946 1145 1998 peculiariter
1179 1949 1214 1988 in
1236 1963 1261 1994 1)

257 2023 319 2046 nos
338 2008 529 2047 afficiatur.
545 2007 631 2047 Sion
650 2016 769 2045 autem
782 2006 940 2045 Ecclesia
953 2009 1147 2061 anagogice
1157 2009 1216 2049 di-

257 2071 361 2109 citur.
383 2071 615 2109 Accessistis
644 2073 746 2108 enim
779 2071 834 2107 ad
858 2080 1026 2109 montem
1058 2072 1151 2110 Sion
1179 2083 1217 2112 et

257 2132 475 2170 Ecclesiam
499 2133 856 2182 primogenitorum.
878 2130 925 2168 Et
958 2132 1084 2170 merito
1115 2147 1216 2173 mons

256 2203 307 2231 est
327 2192 500 2236 Ecclesia,
519 2191 616 2242 quod
635 2191 680 2228 sit
695 2190 811 2235 firma,
828 2200 861 2228 et
882 2191 1035 2240 stabilis,
1050 2207 1112 2231 nec
1133 2209 1215 2246 pos-

256 2255 301 2292 sit
318 2253 558 2305 conquassari.
575 2251 890 2298 Quemadmodum
911 2253 1006 2290 enim
1027 2268 1129 2292 mons
1146 2270 1214 2295 non

256 2325 369 2368 potest
386 2315 604 2361 labefactari,
627 2315 673 2352 ita
689 2328 752 2352 nec
771 2314 834 2352 Dei
852 2313 1024 2353 Ecclesia.
1047 2318 1217 2355 Annun-

257 2381 352 2416 time
387 2381 491 2416 inter
523 2386 654 2428 gentes
683 2378 808 2414 studia
839 2378 933 2426 ejus.
955 2377 1045 2416 Vult
1065 2393 1123 2417 eos
1142 2394 1215 2419 esse

256 2455 434 2492 praecones
468 2439 532 2477 Dei
562 2438 831 2486 beneficiorum,
851 2446 885 2475 et
915 2452 1110 2490 numquam
1138 2441 1214 2493 ejus

255 2502 372 2539 celare
392 2501 572 2539 beneficia.
599 2499 645 2537 Et
677 2499 744 2537 hoc
774 2498 865 2537 dicit
897 2508 969 2537 tam
986 2511 1131 2554 propter
1155 2517 1213 2541 eos

253 2563 314 2614 qni
335 2563 472 2609 dicunt,
488 2576 594 2614 quam
615 2570 760 2615 propter
775 2575 834 2598 eos
849 2560 910 2611 qni
932 2560 1097 2600 audiunt.
1120 2565 1210 2602 Nam

254 2624 351 2669 ethi,
365 2633 397 2662 et
416 2624 466 2662 illi
481 2623 723 2669 lucrifaciunt,
735 2621 763 2660 si
778 2621 1004 2660 attenderint.
1024 2625 1087 2663 15.
1110 2626 1213 2677 Quo-

256 2689 360 2723 niam
381 2689 580 2738 requirens
594 2686 823 2736 sanguinem
843 2698 973 2723 eorum
989 2688 1213 2727 recordatus

254 2755 322 2784 est.
346 2747 478 2785 Vidisti
508 2759 670 2797 qufenam
700 2744 797 2783 dicat
829 2759 952 2783 eorum
984 2746 1128 2786 studia?
1147 2749 1213 2788 Be-

254 2808 392 2846 nesicin.
409 2808 476 2846 llic
502 2807 607 2845 etiam
629 2820 799 2858 magnum
819 2806 1000 2858 quoddam
1017 2807 1147 2859 dogma
1165 2810 1212 2849 si-

254 2869 401 2918 gnifieat
424 2886 432 2907 :
454 2884 520 2906 non
545 2867 740 2921 perpetrari
773 2867 882 2905 ullam
915 2868 1058 2917 ctrdem,
1078 2870 1123 2908 de
1141 2886 1212 2923 qua

256 2945 366 2983 pmnze
405 2945 471 2968 non
502 2939 701 2978 sumantur,
717 2938 750 2967 et
783 2944 862 2981 qua.-
890 2943 957 2968 non
991 2931 1212 2971 vindicetur:

254 2991 350 3042 quod
382 2991 488 3029 etiam
519 2993 635 3028 Moses
664 2989 817 3029 ostendit
845 2990 878 3028 in
901 2991 1044 3040 Genesi,
1064 2991 1211 3032 dicens:

255 3052 491 3105 Sanguinem
525 3062 695 3091 vestrum
723 3055 931 3105 requiram.
953 3052 1029 3091 lloc
1048 3063 1097 3091 est
1119 3054 1213 3093 indi-

255 3119 350 3158 cium
383 3119 530 3158 infinita:
549 3119 625 3171 ejus
655 3118 899 3172 providenti-12,
931 3118 1154 3172 ingentisque
1179 3131 1214 3160 et
1237 3111 1262 3162 Λ·

298 3251 310 3265 ·
337 3249 384 3284 Τῷ
400 3247 558 3284 καθημένῳ
570 3267 578 3281 ,
595 3239 663 3273 lime
687 3240 919 3284 interpretatio
935 3248 985 3273 est
1013 3240 1148 3285 Aquilaee.
1163 3241 1264 3275 Paulo

255 3301 329 3334 post
343 3318 350 3328 ,
367 3299 395 3326 ἐν
412 3303 470 3332 τοῖς
490 3298 567 3332 ἑνοῖ,-
585 3300 624 3328 τέ(
638 3303 849 3336 palummum
865 3298 966 3332 αὐτοῦ,
980 3292 1049 3326 ltoec
1069 3296 1263 3338 interpreta-

255 3345 301 3376 1³0
315 3352 359 3376 est
379 3344 584 3388 Symmachi.
609 3344 672 3378 scd
691 3344 840 3388 Agellum,
854 3346 1001 3386 Drusius,
1023 3345 1212 3385 Corderius,
1231 3357 1263 3380 et

1223 3095 1272 3120 ¹05

684 135 725 166 S.
761 136 944 167 JOANMS
978 135 1227 167 cunYSOST.
1267 137 1476 170 ARCfflEP.
1512 138 1867 171 CONSTANTmOP.

1337 222 1421 266 Πῶς
1446 216 1504 261 οῦν
1524 224 1600 263 ἐστι
1627 225 1744 270 ζητεῖν
1773 223 1832 262 τὸν
1860 222 1972 271 Θεόν;
1999 223 2116 264 Ὅταν
2141 226 2215 265 ἐκεῖ
2247 227 2312 274 τὴν

1283 283 1437 322 διάνοιαν
1458 284 1708 336 συντείνωμεν,
1727 287 1810 324 ὅταν
1826 289 1894 324 τῶν
1913 287 2088 336 βιωτικῶν
2099 289 2308 340 ἀπαλλαγῶ-

1283 359 1360 395 μεν.
1397 345 1466 384 Kal
1484 345 1553 399 γὰρ
1577 350 1595 385 ὂ
1618 349 1751 394 ζητῶν,
1768 347 1883 385 πάντα
1910 346 2071 385 ἐκὸαλὼν
2090 349 2152 394 τῆς
2177 350 2312 402 ψυχῆς,

1284 405 1371 458 πρὸς
1389 407 1500 446 ἐκεῖνο
1519 407 1559 446 τὸ
1589 407 1798 459 ζητούμενον
1817 408 1972 461 ἔρχεται.
2007 408 2077 447 Καὶ
2105 412 2172 462 οὐχ
2193 411 2317 454 ἁπλῶς

1284 469 1400 516 ζητεῖν
1417 469 1487 522 χρὴ
1499 498 1509 515 ,
1529 470 1619 508 ἀλλὰ
1639 470 1699 508 καὶ
1714 472 1884 518 ἐκζητεῖν.
1902 470 1947 509 Ὁ
1960 472 2116 517 ἐκζητῶν
2132 473 2196 510 οὐκ
2214 471 2316 516 αὐτὸς

1286 532 1383 577 ζητεῖ
1418 530 1541 582 μόνον,
1572 532 1663 571 ἀλλὰ
1691 533 1750 571 καὶ
1784 534 1920 586 ἑτέρους
1941 533 2116 584 λαμὸάνει
2144 533 2314 585 βοηθοὺς,

1286 591 1377 631 ὥστε
1394 595 1504 645 εὑρεῖν
1522 593 1561 633 τὸ
1587 593 1810 646 ζητούμενον.
1832 594 1925 634 Ἀλλ’
1941 595 1998 633 ἐπὶ
2017 595 2080 646 μὲν
2098 597 2164 634 τῶν
2191 597 2318 647 βιωτι-

1287 655 1358 693 κῶν
1377 656 1546 699 πολλάκις
1563 656 1774 702 ζητήσαντες
1788 687 1798 702 ,
1816 658 1882 709 οὐχ
1909 657 2055 709 εὕρομεν
2069 672 2077 680 ·
2092 656 2150 695 ἐπὶ
2179 656 2215 695 δὲ
2246 659 2316 696 τῶν

1286 719 1532 768 πνευματικῶν
1551 719 1614 756 οὐκ
1640 718 1690 756 ἔνι
1708 723 1828 764 τοῦτο,
1853 719 1944 757 ἀλλὰ
1974 719 2110 770 ἀνάγκη
2130 725 2228 757 πᾶσα
2257 718 2316 757 τὸν

1287 781 1457 825 ζητοῦντα
1487 781 1612 831 εὑρεῖν.
1636 778 1697 818 Ἂν
1720 780 1788 832 γὰρ
1824 779 2017 830 ἐξέλθωμεν
2052 780 2155 830 μόνον
2184 780 2243 819 ἐπὶ
2279 780 2318 819 τὸ

1287 841 1457 888 ζητῆσαι,
1476 842 1539 879 οὐκ
1555 840 1698 893 ἀφίησιν
1717 844 1811 890 ἡμᾶς
1830 842 1944 879 πολλὰ
1961 841 2152 880 κόπτεσθαι
2170 845 2189 880 ὁ
2204 841 2295 886 Θεός
2309 857 2318 866 ·

1288 900 1345 938 διὰ
1362 904 1465 939 τοῦτο
1494 901 1589 953 λέγει
1602 919 1609 925 ·
1628 904 1704 946 Πᾶς
1723 905 1742 941 ὁ
1767 906 1879 950 ζητῶν
1900 903 2063 955 εὑρίσκει.
2083 903 2238 942 Ψάλατε
2266 905 2318 956 τῷ

1288 962 1409 1015 Κυρίῳ
1427 967 1478 1014 τῷ
1498 967 1716 1002 κατοικοῦντι
1747 965 1781 1002 ἐν
1802 964 1908 1003 Σιών.
1928 963 2069 1011 Ἄλλος,
2089 966 2176 1017 ’Τῷ
2205 968 2320 1012 καθη-

1288 1023 1394 1076 μένῳ.
1415 1023 1658 1075 Ἀναγγείλατε
1692 1026 1728 1062 ἐν
1747 1031 1818 1069 τοῖς
1847 1026 1961 1064 ἔθνεσι
1985 1027 2029 1065 τὰ
2057 1026 2321 1077 ἐπιτηδεύματα

1287 1087 1404 1124 αὐτοῦ.
1421 1084 1544 1128 Ἄλλος
1559 1085 1682 1137 φησὶν,
1702 1086 1764 1125 Ἔν
1783 1093 1854 1131 τοῖς
1883 1090 1978 1132 λαοῖς
2004 1088 2048 1127 τὰ
2074 1089 2319 1142 μηχανήματα

1287 1149 1408 1186 αὐτοῦ.
1431 1146 1478 1185 Τί
1496 1146 1628 1198 λέγεις;
1643 1140 1696 1185 Οῧ
1713 1149 1730 1184 ὁ
1747 1147 1888 1200 οὐρανὸς
1907 1149 2024 1201 θρόνος
2049 1151 2109 1188 καὶ
2128 1153 2213 1202 *iffi
2230 1152 2320 1190 ὓπο-

1286 1210 1426 1257 πόδιον,
1442 1203 1480 1248 οὗ
1497 1210 1532 1247 ἐν
1556 1212 1600 1261 τῇ
1619 1209 1712 1262 χειρὶ
1736 1208 1780 1247 τὰ
1801 1209 1937 1262 πέρατα
1969 1213 2032 1258 τῆς
2064 1214 2149 1263 γῆς,
2166 1207 2265 1256 οὗτος
2281 1214 2318 1251 ἐν

1287 1271 1382 1311 Σιὼν
1402 1273 1510 1318 οἷκεῖ;
1533 1271 1603 1310 Ναί
1618 1287 1625 1294 ·
1646 1270 1782 1318 οἴκησιν
1806 1271 1872 1325 γὰρ
1907 1273 2057 1311 ἐνταῦθα
2087 1275 2126 1311 οὐ
2154 1273 2195 1312 τὸ
2217 1289 2319 1327 περι·

1287 1333 1465 1372 κλείεσθαι
1483 1333 1578 1384 λέγει
1589 1334 1600 1384 ι’
1613 1332 1806 1385 ἀπέραντος
1816 1333 1884 1386 γὰρ
1900 1335 2005 1373 αὐτοῦ
2020 1337 2042 1382 ἡ
2057 1334 2319 1387 μεγαλωσύνη),

1287 1394 1378 1434 ἀλλὰ
1407 1395 1471 1443 τὴν
1504 1394 1702 1441 οἰκειότητα
1728 1394 1793 1442 τὴν
1827 1394 1912 1447 πρὸς
1943 1395 2001 1434 τὸν
2034 1395 2162 1444 τόπον,
2192 1397 2252 1435 καὶ
2278 1396 2320 1435 τὸ

1287 1457 1422 1501 οἰκείως
1441 1457 1533 1510 ἔχειν
1552 1457 1636 1509 πρὸς
1658 1455 1762 1495 αὐτὸν
1776 1485 1785 1501 ,
1804 1456 1862 1494 διὰ
1881 1457 1920 1495 τὸ
1939 1457 2018 1501 τοὺς
2038 1457 2224 1503 Ἰουδαίους
2260 1458 2319 1498 διὰ

1287 1522 1349 1566 τῆς
1369 1518 1664 1571 συγκαταὸάσεως
1682 1518 1813 1565 ταύτης
1833 1518 1920 1570 πρὸς
1956 1520 2060 1558 αὐτὸν
2079 1523 2294 1561 ἐπισπᾶσθαι
2310 1538 2318 1547 ·

1287 1581 1363 1619 ἐπεὶ
1394 1581 1451 1619 καὶ
1471 1580 1564 1619 οἰκία
1586 1581 1642 1618 διὰ
1676 1583 1778 1619 τοῦτο
1808 1580 1948 1631 λέγεται
1975 1583 2027 1634 ἐφ’
2050 1585 2172 1633 ἡμῶν,
2193 1583 2250 1622 διὰ
2278 1584 2319 1623 τὸ

1286 1642 1422 1687 οἰκείως
1437 1646 1531 1693 ἡμᾶς
1547 1642 1640 1695 ἔχειν
1660 1641 1746 1695 πρὸς
1767 1642 1889 1688 αὐτήν.
1913 1642 1983 1681 Καὶ
2002 1644 2038 1681 ἐν
2058 1646 2143 1694 ἡμῖν
2156 1644 2193 1683 δὲ
2209 1646 2318 1683 οἰκεῖν

1285 1704 1444 1756 λέγεται,
1464 1707 1502 1743 οὐ
1521 1704 1769 1756 περιεχόμενος
1786 1706 1841 1756 ὑφ’
1859 1707 1975 1755 ἡμῶν,
1995 1707 2072 1744 ἀλλ’
2088 1706 2319 1759 οἰκείωςπρὸς

1285 1769 1379 1817 ἡμᾶς
1415 1766 1518 1819 ἔχων.
1556 1767 1649 1804 Σιὼν
1671 1766 1706 1804 δὲ
1739 1766 1830 1804 κατὰ
1859 1766 2043 1818 ἀναγωγὴν
2065 1770 2088 1813 ἡ
2117 1767 2317 1815 Ἐκκλησία

1283 1828 1438 1879 λέγεται.
1463 1827 1754 1879 Προσεληλύθατε
1770 1827 1839 1880 γὰρ
1858 1829 1930 1880 ὄρει
1950 1828 2066 1874 Σιὼν,
2086 1829 2145 1867 καὶ
2162 1828 2317 1878 ’Exidu-

1284 1890 1342 1943 σία
1359 1890 1602 1942 πρωτοτόκων.
1626 1890 1695 1929 Καὶ
1718 1890 1861 1934 εἰκότως
1879 1890 1957 1942 ὅρος
1976 1894 1997 1937 ἡ
2019 1889 2216 1938 Ἐκκλησία
2228 1920 2238 1938 ,
2258 1893 2316 1932 διὰ

1283 1952 1323 1990 τὸ
1341 1951 1502 2003 βέὸαιον,
1518 1951 1578 1990 καὶ
1594 1951 1739 2002 πάγιον,
1765 1951 1825 1989 καὶ
1853 1951 2026 1990 ἄσειστον.
2060 1953 2229 2006 Καθάπερ
2247 1954 2317 2007 γὰρ

1283 2013 1361 2065 ὄρος
1380 2015 1550 2052 σαλεῦσαι
1568 2015 1606 2052 οὐ
1628 2013 1791 2061 δυνατὸν,
1812 2012 1920 2056 οὕτως
1947 2013 2026 2052 οὐδὲ
2057 2018 2117 2052 τοῦ
2139 2016 2232 2053 Θεοῦ
2252 2015 2315 2063 τὴν

1284 2076 1513 2122 Ἐκκλησίαν.
1534 2074 1778 2126 Ἀναγγείλατε
1796 2077 1830 2113 ἐν
1851 2080 1923 2119 τοῖς
1941 2075 2052 2114 ἔθνεσι
2070 2074 2114 2113 τὰ
2133 2076 2317 2124 ἐπιτηδεύ-

1284 2153 1380 2188 ματα
1397 2139 1514 2175 αὐτοῦ.
1538 2137 1702 2188 Κήρυκας
1719 2131 1808 2175 εἶναι
1836 2136 1999 2188 βούλεται
2019 2140 2088 2176 τῶν
2107 2139 2314 2191 εὐεργεσιῶν

1282 2202 1341 2236 τοῦ
1353 2200 1446 2236 Θεοῦ
1460 2227 1470 2243 ,
1483 2197 1542 2236 καὶ
1559 2197 1736 2247 μηδέποτε
1754 2200 1858 2237 αὐτοῦ
1871 2199 2130 2250 κατακρύπτειν
2143 2200 2204 2244 τὰς
2218 2202 2314 2253 εὐερ-

1281 2260 1412 2312 γεσίας.
1422 2259 1490 2297 Καὶ
1504 2263 1606 2296 τοῦτο
1617 2263 1798 2311 πανταχοῦ
1809 2262 1917 2305 ζητεῖ,
1930 2260 1987 2298 διά
1997 2276 2034 2298 τε
2045 2259 2122 2305 τοὺς
2136 2260 2315 2312 λέγοντας,

1281 2322 1339 2360 διά
1357 2336 1394 2359 τε
1409 2319 1487 2364 τοὺς
1505 2320 1705 2364 ἀκούοντας.
1718 2321 1785 2359 Καὶ
1795 2321 1863 2373 γὰρ
1876 2325 1935 2359 καὶ
1947 2321 2080 2366 τούτοις
2094 2323 2226 2376 κέρδος,
2246 2326 2315 2363 κᾶ-

1281 2383 1427 2430 κείνοις,
1444 2381 1503 2420 ἐὰν
1528 2383 1763 2435 προσέχωσιν.
1780 2382 1867 2422 “Oti
1890 2386 1907 2421 ὁ
1926 2385 2080 2430 ἐκζητῶν
2107 2385 2151 2423 τὰ
2179 2386 2315 2437 αἵματα

1282 2448 1396 2484 αὐτῶν
1415 2444 1585 2495 ἐμνήσθη.
1607 2439 1706 2488 Εἶδες
1725 2443 1769 2483 τὰ
1798 2446 2063 2497 ἐπιτηδεύματα
2092 2453 2178 2487 ποῖα
2196 2448 2313 2500 λέγεις

1282 2507 1357 2550 Τὰς
1394 2506 1603 2559 εὐεργεσίας.
1626 2507 1801 2545 Ἐνταῦθα
1837 2507 1897 2545 καὶ
1930 2509 2022 2558 μέγα
2057 2524 2092 2546 τι
2122 2509 2314 2549 αἰνίττεται

1283 2570 1414 2619 δόγμα·
1436 2567 1488 2606 ὅτι
1508 2568 1571 2607 οὐκ
1608 2567 1682 2605 ἔστι
1715 2567 1813 2620 φόνος
1839 2570 2036 2622 ἀτιμωρητὶ
2064 2571 2312 2622 τολμώμενος,

1282 2631 1359 2669 ἀλλ’
1383 2630 1572 2668 ἐκδικεῖται
1590 2629 1747 2672 πάντως·
1763 2630 1781 2668 ὃ
1800 2629 1858 2668 καὶ
1876 2632 1911 2668 ἐν
1927 2635 1969 2683 τῇ
1994 2633 2132 2671 Ιένέσει
2157 2634 2314 2680 Μωῦσῆς

1282 2693 1451 2737 δείκνυσι,
1467 2690 1577 2742 λέγων
1593 2706 1600 2713 ·
1622 2692 1675 2729 Τὸ
1693 2686 1778 2741 αἷμα
1801 2694 1900 2742 ὑμῶν
1911 2693 2106 2740 ἐκζητήσω.
2118 2695 2234 2733 Τοῦτο
2249 2698 2312 2742 τῆς

1280 2752 1425 2803 ἀπείρου
1458 2751 1620 2803 προνοίας
1652 2752 1779 2802 δεῖγμα
1792 2781 1801 2797 ,
1839 2755 1901 2798 τῆς
1932 2754 2167 2804 ἐκτεταμένης
2204 2756 2310 2794 αὐτοῦ

1281 2813 1500 2864 κηδεμονίας.
1519 2814 1560 2850 lii
1578 2812 1613 2850 δὲ
1633 2812 1682 2862 μὴ
1697 2813 1787 2851 κατὰ
1804 2814 1911 2856 πόδας
1924 2815 2080 2862 ἐκζητεῖ,
2102 2815 2152 2865 μὴ
2169 2817 2306 2866 θαυμά-

1281 2878 1358 2927 ζῃς·
1380 2876 1499 2914 δίδωσι
1518 2874 1584 2926 γὰρ
1601 2879 1671 2917 τοῖς
1684 2874 1923 2926 ἁμαρτάνουσι
1941 2876 2124 2925 μετανοίας
2134 2878 2310 2930 ἀφορμήν.

1281 2939 1359 2975 Οὐκ
1378 2937 1567 2975 ἐπελάθετο
1582 2939 1644 2982 τῆς
1660 2940 1815 2988 κραυγῆς
1834 2940 1902 2975 τῶν
1922 2937 2093 2983 πενήτων.
2121 2938 2214 2990 Ὅρα
2235 2940 2307 2979 πά-

1280 3001 1335 3037 λιν
1363 2997 1440 3041 τοῦς
1460 2998 1610 3043 πένητας
1627 2999 1903 3048 εὐδοκιμοῦντας.
1923 3000 2004 3050 θῦχ
2025 3000 2144 3042 ἁπλῶς
2161 3001 2196 3039 δὲ
2215 3001 2310 3052 λέγει

1282 3060 1360 3103 τοὺς
1380 3060 1549 3105 πένητας,
1570 3060 1647 3097 ἀλλ’
1667 3059 1817 3102 ἐκείνους
1842 3058 1919 3103 τοὺς
1945 3059 2106 3112 πτωχοὺς
2133 3063 2182 3113 τῷ
2203 3062 2308 3100 πνεύ-

1285 3137 1391 3172 ματι,
1412 3120 1525 3164 καθὼς
1547 3123 1564 3158 ὁ
1585 3120 1733 3172 Χριστός
1767 3136 1886 3172 φησιν.
1911 3115 2019 3159 Οὗτοι
2053 3123 2119 3174 γὰρ
2155 3125 2309 3174 μάλιστα

1298 3241 1433 3285 quidam
1457 3242 1532 3275 Mas.
1552 3248 1603 3282 reu
1618 3249 1758 3285 μηχανά,-
1776 3246 1864 3277 zazou
1891 3242 2025 3277 liabent.
2046 3245 2246 3280 llcbrntcnm
2260 3256 2309 3281 est

1298 3285 1496 3347 wn'v‘bv-
