2513 3706
98 597 185 624 var.
199 594 283 635 3.ΙῙΙ.

104 2041 195 2067 Jmm
223 2034 268 2065 13.

107 2621 199 2646 loun.
223 2627 271 2647 20.

109 2661 155 2688 αθ

106 3139 289 3172 Rm›1‚²t,2f‚‚

299 177 394 241 998

297 274 434 312 bellum
445 272 590 326 pedum.
605 271 651 311 At
665 271 723 309 hic
735 270 842 323 pedes
857 268 947 306 dicit
964 267 1156 305 humanam
1173 264 1281 304 Chri-

298 327 342 365 sti
373 335 556 374 naturam;
576 334 682 376 caput
712 337 794 362 vero
826 320 1062 359 divinitatem.
1086 317 1283 408 ῦοΙίοῑΙιειε

297 379 409 431 igitur
434 380 503 418 sub
529 377 680 431 pedibus
708 375 869 412 humanae
885 381 1017 410 naturae
1037 372 1118 417 suit,
1139 385 1161 408 u
1191 384 1201 407 ι
1221 384 1284 422 qui

1272 185 1448 214 senata.

1362 263 1468 301 παντὶ
1479 263 1597 309 δῆλον,
1609 263 1664 302 ὅτι
1677 263 1717 301 τὸ
1731 263 1920 302 ὑποπόδιον
1936 265 2006 301 τῶν
2016 264 2132 303 ποδῶν
2145 266 2239 304 ἐστιν
2255 268 2393 307 ὑποπόψ

1363 318 1448 354 διον.
1461 316 1553 355 Ἀλλ’
1566 317 1714 354 ἐνταῦθα
1721 315 1829 359 πόδας
1839 315 1935 368 λέγει
1944 319 2004 354 τοῦ
2015 317 2171 369 Χριστοῦ
2181 317 2245 364 τὴν
2257 321 2386 372 ἀνθρω-

1363 369 1637 416 πότητα,ἐπειδὴ
1656 369 1812 421 κεφαλὴν
1821 368 1885 415 τὴν
1897 368 2044 417 θεότητα
2052 400 2060 408 .
2070 370 2115 408 Ὁ
2132 372 2305 422 Γολγοθᾶς
2312 374 2386 410 τοί-

297 432 436 480 adorat,
447 433 630 471 Christum
643 428 787 467 exaltat,
799 429 880 479 Ipse
892 439 1045 475 namque
1063 432 1165 478 putat
1188 423 1284 461 exal-
1300 440 1348 467 798
1362 438 1422 460 νυν
1441 423 1509 461 ὑπὸ
1522 422 1600 466 τοὺς
1615 421 1725 465 πόδας
1736 424 1799 468 τῆς
1820 422 2087 487 ἀνθρωπότητος
2104 422 2257 475 γέγονεν,
2275 425 2356 463 ἔνθα
2370 428 2390 464 ὁ

301 485 465 524 tationem
484 486 560 536 ejus
579 496 652 520 esse
667 481 846 534 passiones
870 497 877 517 ε
901 493 964 532 per
979 478 1060 516 illas
1078 477 1173 516 enim
1188 476 1284 515 salu·
1312 478 1338 507 Λ
1363 478 1568 528 προσκυνῶν
1586 477 1668 528 ὑψοῖ
1683 475 1741 514 τὸν
1762 477 1927 528 Χριστον.
1940 474 2054 528 ”Ύψος
2065 475 2133 529 γὰρ
2148 476 2251 521 αὐτὸς
2264 479 2388 517 ἑαυτοῦ

300 547 367 577 tem
387 547 539 576 nostram
561 544 726 587 operatus
744 542 808 571 cst.
827 531 1071 581 Quamobrem
1091 529 1286 570 Nicodemo

298 590 436 629 dicebat
455 589 581 628 :Sicut
605 588 795 626 exaltavit
818 587 975 634 Moyses
1002 592 1216 637 serpentem
1244 585 1287 621 in

299 645 460 688 deserto,
477 644 533 680 ita
559 641 727 679 exaltari
760 647 906 692 oportet
927 638 1075 676 Filium
1100 638 1282 675 hominis.

299 697 365 735 Hic
389 697 470 748 jure
488 704 629 733 sanctus
647 701 809 739 vocatur,
833 701 965 730 tantam
984 704 1137 743 praesens
1155 690 1283 729 sancti-

300 758 403 786 tatem
431 748 578 792 habens,
602 756 639 784 ut
655 746 832 785 consortio
850 759 915 783 suo
933 754 1131 796 peccatores
1150 752 1288 782 sanctos

298 802 465 840 efficeret.
484 802 524 838 6.
547 801 707 849 stonses
725 806 760 836 et
781 797 924 836 Aaron
953 800 995 834 ιἰι
1024 795 1287 835 sacerdotibus

297 857 396 905 ejus,
410 862 445 891 et
463 853 628 892 Samuel
651 854 753 890 inter
767 865 830 889 eos
857 852 923 903 qui
936 852 1120 888 invocant
1148 863 1289 887 nomen

300 908 649 958 ejus.lnvocabant
675 906 899 949 Dominum,
919 912 955 941 et
985 905 1064 955 ipse
1089 903 1288 941 exaudivit

299 974 376 998 eos.
413 957 712 1008 Quandoquidem
741 966 775 995 et
802 955 998 995 sacerdotes
1025 964 1059 993 et
1093 955 1288 1007 prophetae,

300 1013 410 1052 sancti
425 1012 651 1056 dicebantur,
666 1010 865 1061 horumque
877 1017 1080 1047 sanctorum
1092 1008 1289 1046 scabellum

300 1079 368 1103 non
399 1074 536 1117 oportet
563 1063 722 1109 adorare,
741 1061 924 1100 ostendere
944 1061 1024 1099 vult
1055 1070 1227 1112 quantum
1242 1061 1288 1099 sit

300 1119 391 1156 inter
417 1118 534 1170 ipsum
561 1126 593 1154 et
610 1116 698 1154 alios
717 1125 854 1154 sanctos
872 1114 1077 1153 discrimen.
1096 1115 1177 1166 Ipse
1193 1114 1289 1152 enim

299 1180 373 1209 erat
391 1172 541 1210 Sanctus
565 1178 779 1208 sanctorum.
801 1170 1028 1220 Quapropter
1059 1169 1221 1220 Moysem
1251 1177 1289 1205 ut

299 1224 552 1275 legislatorem,
573 1227 746 1260 Aaronem
777 1230 816 1259 ut
834 1220 1067 1267 sacerdotem,
1088 1220 1290 1260 Samuelem

299 1288 336 1316 ut
356 1277 610 1330 prophetarum
631 1274 828 1327 principem
846 1274 1151 1321 commemoravit,
1169 1282 1290 1325 utpote

300 1332 361 1382 qui
392 1329 501 1368 sancti
524 1328 668 1366 fuerint.
695 1330 857 1365 Attamen
883 1327 938 1364 illi
956 1340 1082 1365 nomen
1102 1326 1166 1364 Dei
1185 1326 1290 1364 invo-

300 1385 440 1428 cabant,
458 1392 490 1421 et
508 1395 587 1432 quae
599 1380 851 1433 operabantur,
873 1393 941 1417 non
956 1393 1033 1426 sua,
1052 1379 1114 1418 sed
1130 1379 1208 1431 ejus
1227 1380 1290 1430 qui

300 1451 336 1476 se
355 1436 502 1476 vocabat
519 1435 650 1472 virtute
661 1433 900 1485 operabantur
922 1449 929 1469 τ
951 1440 991 1470 ut
1009 1432 1044 1470 in
1060 1432 1291 1482 sequentibus

300 1490 432 1528 clarius
447 1487 619 1527 enuntiat.
638 1488 676 1523 7.
700 1488 750 1523 In
768 1486 951 1523 columna
971 1487 1083 1523 nubis
1103 1485 1289 1535 loqueba-

304 1554 366 1583 tur
397 1543 450 1580 ad
475 1553 550 1579 eos.
575 1540 766 1589 Quoniam
791 1538 1055 1577 custodierunt
1072 1540 1293 1576 testimonia

301 1599 398 1647 ejus,
410 1603 446 1632 et
457 1600 648 1645 [ιν-(περίτι
660 1593 742 1643 ejus
756 1605 842 1642 quoe
857 1591 962 1628 dedit
977 1590 1072 1628 illis.
1089 1591 1147 1638 Hi,
1159 1590 1288 1641 inquit,

301 1664 346 1688 ex
360 1649 491 1686 virtute
510 1645 747 1698 profecerunt,
763 1642 911 1693 eoquod
925 1642 1165 1681 custodierant
1178 1643 1291 1693 legem

301 1702 366 1740 Dei
387 1715 427 1738 ac
445 1706 618 1751 praecepta
632 1710 709 1747 quoe
726 1696 801 1748 ipse
818 1694 963 1733 dederat
981 1695 1183 1746 implerent.
1199 1696 1291 1734 Cum

302 1764 420 1792 autem
436 1751 502 1790 Dei
515 1750 652 1789 visione
671 1748 807 1800 dignati
819 1756 916 1795 sunt,
929 1747 964 1785 in
985 1748 1151 1786 columna
1176 1749 1291 1786 Deum

303 1807 484 1851 viderunt,
504 1802 601 1855 quod
635 1801 870 1840 substantiam
901 1799 1026 1839 videre
1045 1814 1114 1838 non
1134 1810 1287 1853 possent.

302 1860 468 1899 Christus
496 1866 614 1894 autem
652 1868 722 1892 non
753 1855 821 1903 sic3
847 1852 910 1892 sed
939 1854 976 1891 in
1010 1853 1126 1905 seipso
1154 1855 1293 1892 Patrem

303 1914 422 1961 habet,
441 1919 473 1949 ct
490 1908 614 1962 ipsein
634 1909 736 1946 Patre
756 1916 807 1946 est
829 1923 836 1943 :
857 1905 918 1944 sed
938 1920 1051 1957 neque
1068 1921 1113 1945 ex
1132 1907 1291 1959 profectu

303 1965 349 2005 ad
363 1963 572 2015 dignitatem
591 1959 758 1999 ascendit.
780 1959 875 1999 Vide
886 1973 1037 2010 namque
1056 1959 1168 1998 Pilato
1186 1960 1293 1998 inter-

304 2027 449 2071 rogante
467 2031 473 2051 :
488 2018 570 2055 Rex
582 2027 620 2052 es
641 2018 708 2052 tu?
722 2013 890 2065 quoniam
912 2012 1016 2050 illum
1035 2027 1080 2051 ex
1099 2012 1292 2065 interroga-

305 2068 614 2111 tione-adduxerit
635 2085 642 2105 :
672 2068 725 2105 Tu
761 2067 856 2104 dicis
886 2069 1072 2118 quoniam
1097 2079 1165 2104 rex
1177 2079 1260 2104 sum
1283 2083 1290 2103 ε

305 2141 373 2178 ego
392 2127 434 2162 in
455 2125 527 2161 hoc
547 2130 661 2159 naeus
680 2133 781 2165 sum;
794 2118 831 2156 id
855 2128 920 2164 cst,
933 2121 1097 2171 Regnum
1117 2132 1186 2157 non
1206 2127 1294 2157 tem-

305 2190 516 2231 poraneum,
534 2174 626 2213 sicut
654 2183 688 2212 et
716 2181 834 2211 ortum
854 2171 976 2210 habeo.
1008 2171 1064 2209 Ad
1080 2172 1175 2210 hunc
1196 2172 1295 2223 psal-

307 2232 409 2270 mista
426 2230 499 2267 sine
519 2228 593 2266 ulla
612 2227 805 2266 verborum
824 2225 972 2275 ambage
986 2239 1183 2263 sermonem
1202 2224 1293 2263 diri-

306 2284 369 2335 git.
387 2286 426 2321 8.
445 2283 611 2320 Domine
633 2282 736 2318 Dens
753 2286 893 2323 noster,
914 2286 954 2315 tn
968 2279 1204 2316 exaudiebas
1219 2291 1293 2316 eos.

310 2339 414 2375 Deus
430 2344 558 2373 noster
575 2350 580 2370 :
601 2347 753 2384 quorum
766 2331 783 2368 Ξ)
798 2332 930 2369 Eorum
947 2331 1011 2380 qui
1027 2345 1090 2382 per
1103 2329 1209 2368 fidem
1225 2331 1293 2383 ipsi

308 2390 565 2433 militaverunt,
582 2395 616 2423 et
638 2387 751 2424 Deum
770 2383 831 2435 qui
852 2397 960 2473 sucper
974 2383 1090 2420 omnia
1105 2392 1157 2421 est
1177 2397 1294 2435 posse-

308 2442 437 2482 derunt
456 2450 493 2478 ut
506 2439 573 2478 sibi
591 2438 776 2491 proprium
789 2450 851 2489 per
865 2451 882 2473 a
912 2435 1091 2488 optionem
1108 2436 1291 2488 baptismi.

308 2494 415 2544 Quod
434 2503 550 2532 autem
567 2494 663 2530 Deus
684 2491 719 2529 in
738 2489 863 2541 primis
880 2489 1020 2527 dicatur
1037 2503 1160 2527 eorum
1177 2488 1238 2539 qui
1259 2489 1294 2527 in

310 2549 426 2601 ipsum
457 2544 711 2590 crediderunt,
744 2542 846 2581 docet
875 2541 1035 2580 Thomas
1057 2557 1064 2578 :
1084 2556 1168 2579 cum
1201 2542 1294 2580 enim

307 2601 490 2641 Christum
505 2607 723 2637 contrectans
741 2594 908 2641 credidit,
928 2595 1116 2632 Dominus
1136 2608 1242 2633 meus
1259 2604 1295 2633 ec

312 2655 416 2692 Deus
430 2665 535 2691 meus
546 2651 606 2698 ait3
619 2650 802 2702 proprium
813 2662 920 2686 suum
936 2647 1169 2700 proclamavit
1180 2649 1296 2686 Deum

308 2722 390 2746 eum
421 2706 481 2757 qui
514 2718 622 2756 super
650 2702 767 2741 omnia
802 2703 898 2739 Deus
925 2709 988 2740 est.
1010 2700 1076 2738 Hic
1106 2700 1238 2751 itaque,
1260 2701 1293 2738 in

308 2774 414 2811 quem
447 2773 509 2797 nos
542 2756 774 2801 credidimus,
792 2769 809 2791 a
831 2753 958 2806 priscis
994 2753 1047 2790 illi
1080 2753 1189 2804 justis
1226 2767 1295 2791 non

308 2812 551 2865 ignorabatur;
567 2809 797 2860 quamobrem
820 2807 914 2859 ipsos
930 2815 1112 2858 precantes
1128 2805 1296 2845 exaudie-

306 2866 380 2908 bat,
403 2875 441 2903 ut
462 2864 694 2903 testificantur
715 2860 894 2912 sequentia
909 2876 915 2896 :
932 2861 1038 2898 Deus
1053 2868 1093 2897 tu
1105 2861 1294 2911 propitius

294 2920 416 2969 Ι[ιιίςιὶ
441 2921 494 2957 eis
520 2926 554 2955 et
579 2916 769 2953 ulciscens
788 2916 830 2950 in
850 2925 981 2951 omnes
999 2913 1296 2951 adinventiones

306 2986 451 3009 eorum.
470 2969 583 3010 Vides
609 2982 691 3006 eum
721 2966 765 3005 (le
784 2966 928 3005 Christo
947 2964 1065 3003 dicere
1081 2983 1092 3003 .·
1115 2965 1183 3017 ipsi
1202 2966 1295 3004 enim

307 3024 492 3076 proprium
523 3032 588 3066 est,
605 3020 756 3073 peccatis
787 3018 930 3064 nostris,
951 3031 1019 3056 non
1048 3031 1139 3056 nunc
1158 3027 1294 3056 tantum

305 3077 367 3116 sed
388 3077 515 3130 priscis
543 3073 763 3126 temporibus
795 3071 991 3124 propitium
1021 3085 1095 3109 esse
1118 3087 1124 3108 :
1149 3070 1193 3109 dc
1225 3085 1296 3121 quo

307 3131 412 3168 etiam
425 3129 560 3169 Paulus
576 3127 664 3165 dicit
680 3142 686 3164 :
709 3127 828 3176 Quem
843 3126 1038 3174 proposuit
1049 3124 1156 3161 Deus
1165 3127 1293 3174 propi-

307 3186 502 3222 tiatorium
512 3181 704 3233 perfidem
720 3183 759 3215 ιἰι
774 3180 963 3229 sanguine
975 3178 1027 3214 acl
1039 3179 1294 3214 ostensionem

301 3239 460 3286 justitiae
483 3237 580 3286 ejus.
599 3234 678 3284 lpse
706 3231 892 3270 utria-,iuu—
918 3231 951 3266 in
979 3243 1099 3267 omnes
1116 3231 1294 3281 justorum

302 3287 583 3328 adinventiones.
598 3285 691 3334 Quia
721 3285 814 3322 enim
846 3283 955 3320 multa
985 3282 1037 3319 illi
1067 3281 1111 3320 ad
1144 3282 1295 3320 salutem

301 3343 437 3390 generis
454 3339 597 3378 luuuaui
631 3338 907 3380 adinvenerunt,
924 3335 1194 3388 spiritualisque
1227 3335 1296 3373 iui-

301 3401 413 3438 micus
442 3399 525 3451 ipsis
543 3396 817 3444 adxersabatur,
837 3395 908 3433 ulta
926 3403 977 3433 cst
996 3394 1077 3432 illos
1097 3408 1202 3439 crux,
1221 3403 1294 3432 tum

1324 3251 1347 3279 D

1362 529 1496 580 νομίζει
1514 528 1558 567 τὰ
1577 529 1772 579 παθήματα
1783 556 1793 574 ,
1807 527 1928 576 ἐπειδὴ
1941 529 1985 566 δι’
2004 531 2118 567 αυτῶν
2133 529 2196 577 τὴν
2212 530 2389 582 σωτηρίαν

1363 582 1428 630 τὴν
1445 581 1620 634 ἡμετέραν
1637 581 1777 633 ἔπραξε.
1791 581 1922 634 Διόπερ
1935 582 2022 633 πρὸς
2038 582 2240 632 Νικόδημον
2258 583 2388 634 ἔλεγεν·

1363 635 1480 674 “stone
1487 651 1505 687 ρ
1524 635 1642 687 ὕψωσε
1660 635 1817 681 Μωῖισῆς
1836 634 1894 673 τὸν
1914 635 1990 687 ὅφιν
2008 636 2044 673 ἐν
2059 638 2104 687 τῇ
2124 635 2264 693 ἐρήμῳ,
2280 636 2388 680 οὕτως

1363 691 1543 742 ὑψωθῆναι
1577 689 1627 727 δεῖ
1654 688 1712 726 τὸν
1732 689 1816 726 Υἱὸν
1847 691 1906 726 τοῦ
1940 687 2137 740 ἀνθρώπου.
2160 690 2273 733 Οὗτος
2292 690 2390 741 ἅγιος

1364 742 1506 784 εἰκότως
1525 742 1753 792 ὀνομάζεται,
1771 740 1947 787 τοσαύτην
1971 741 2168 792 ἁγιωσύνης
2195 742 2389 794 παρουσίαν

1364 794 1469 846 ἔχων,
1504 793 1597 832 ὥστε
1629 795 1688 833 καὶ
1721 794 1800 838 τοὺς
1830 793 2059 846 ἁμαρτωλοὺς
2091 794 2211 846 ἁγίους
2243 796 2299 835 διὰ
2326 797 2391 841 τῆς

1365 849 1471 886 αὐτοῦ
1492 847 1677 898 μετουσίας
1700 848 1918 899 ἐργάζεσθαι.
1944 849 2099 893 Μωϋσῆς
2120 848 2179 886 καὶ
2199 847 2330 901 Ἀαρὼν
2355 849 2391 887 ἐν

1364 905 1435 944 τοῖς
1453 902 1601 952 ἱερεῦσιν
1621 901 1745 947 αὐτοῦ,
1765 901 1825 938 καὶ
1853 900 2025 951 Σαμουὴλ
2042 902 2076 938 ἐν
2101 907 2172 944 τοῖς
2199 903 2389 940 ἐπικαλου-

1366 952 1480 1003 μένοις
1500 953 1539 991 τὸ
1555 953 1665 1003 ὄνομα
1682 955 1799 991 αὐτοῦ.
1819 953 2080 992 Ἐπεκαλοῧντο
2092 953 2150 992 τὸν
2172 954 2313 1007 Κύριον,
2331 954 2391 993 καὶ

1365 1006 1467 1050 αὐτὸς
1487 1005 1690 1052 εἷσήκουσεν
1710 1007 1837 1044 αὐτῶν.
1859 1006 2007 1053 Ἐπειδὴ
2021 1006 2113 1057 ἅγιοι
2133 1007 2193 1046 καὶ
2215 1009 2317 1060 ἱερεῖς
2331 1007 2391 1046 καὶ

1365 1061 1396 1098 οἷ
1411 1063 1588 1112 προφῆται
1605 1058 1777 1110 ἐλέγοντο,
1787 1059 1894 1111 ἁγίων
1910 1058 1946 1098 δὲ
1964 1058 2097 1098 τούτων
2117 1062 2154 1098 οὗ
2168 1061 2220 1099 δεῖ
2232 1063 2282 1114 τῷ
2299 1063 2390 1099 ὑπο-

1365 1113 1476 1165 ποδίῳ
1512 1118 1732 1167 προσκυνεῖν,
1771 1111 2054 1164 προσηγόρευσε,
2085 1112 2192 1156 δεῖξαι
2230 1113 2392 1164 βούλεται

1364 1166 1478 1221 πόσην
1498 1170 1570 1218 εἶχε
1587 1164 1752 1217 διαφορὰν
1772 1165 1858 1217 πρὸς
1877 1164 1955 1208 τοὺς
1972 1164 2114 1209 λοιποὺς
2132 1165 2264 1217 ἁγίους.
2282 1165 2394 1209 Αὐτὸς

1364 1219 1432 1272 γὰρ
1455 1223 1497 1266 ἠν
1522 1222 1540 1257 ὁ
1566 1221 1634 1256 τῶν
1666 1217 1774 1269 ἁγίων
1798 1218 1908 1269 ἅγιος.
1930 1217 1999 1257 Διὰ
2014 1222 2118 1256 τοῦτο
2134 1218 2314 1262 Μωῦσέως
2328 1218 2392 1270 μὲν

1365 1275 1411 1315 ὡς
1430 1271 1637 1324 νομοθέτου,
1659 1270 1790 1323 Ἀαρὼν
1818 1271 1854 1310 δὲ
1873 1273 1919 1315 ὡς
1937 1271 2139 1324 ἀρχιερέως,
2160 1271 2332 1324 Σαμουὴλ
2346 1274 2394 1315 ὥς

1366 1324 1514 1377 ἐξάρχου
1542 1328 1611 1363 τῶν
1649 1327 1837 1377 προφητῶν
1870 1326 2140 1375 ἐμνημόνευσεν,
2173 1325 2297 1369 οἵτινες
2333 1326 2393 1364 καὶ

1366 1380 1524 1431 ὑπῆρχον
1559 1379 1662 1429 ἅγιοι.
1683 1378 1774 1417 Ἀλλ’
1799 1378 1893 1428 ὅμως
1913 1377 1952 1415 τὸ
1979 1378 2089 1428 ὄνομα
2107 1382 2167 1417 τοῦ
2184 1380 2279 1418 Θεοῦ
2308 1380 2392 1417 ἐπεἡ

1366 1432 1557 1479 καλοῦντο,
1578 1431 1637 1469 καὶ
1669 1431 1758 1483 ἅπερ
1789 1430 1961 1483 ἔπραττον
1986 1433 2050 1470 οὐκ
2077 1432 2190 1484 οἰκείᾳ
2223 1431 2392 1483 δυνάμει,

1367 1484 1458 1522 ἀλλὰ
1477 1484 1545 1536 γὰρ
1563 1488 1622 1522 τοῦ
1640 1483 1856 1535 καλουμένου
1875 1485 2046 1537 ἔπραττον
2058 1500 2066 1508 ·
2086 1487 2132 1528 ὡς
2147 1491 2219 1529 τοῖς
2234 1486 2311 1532 ἑξῆς
2331 1487 2394 1536 ἐμ·

1367 1538 1500 1589 φανίζει
1521 1537 1747 1588 σαφέστερον.
1772 1537 1833 1576 Ἔν
1855 1537 1971 1589 στύλῳ
1987 1537 2149 1590 νεφέλης,
2170 1539 2287 1578 ἐλάλει
2307 1539 2393 1590 πρὸς

1369 1590 1504 1633 αὐτούς.
1521 1589 1606 1628 εὈτι
1634 1589 1806 1641 ἐφύλαξαν
1832 1590 1876 1628 τὰ
1910 1590 2084 1642 μαρτύρια
2116 1593 2242 1640 αὐτοῦ,
2262 1591 2322 1630 καὶ
2350 1591 2394 1629 τὰ

1367 1643 1624 1694 προστάγματα
1646 1644 1749 1680 αὐτοῦ
1762 1674 1771 1691 ,
1792 1643 1814 1681 ἃ
1833 1643 1959 1681 ἔδωκεν
1977 1644 2105 1687 αὐτοῖς.
2130 1639 2261 1690 Οὗτοι,
2274 1643 2394 1697 φησὶν,

1368 1694 1404 1739 ἐξ
1424 1698 1550 1747 ἀρετῆς
1568 1695 1781 1747 προέκοψαν,
1800 1698 1839 1734 ἐκ
1859 1701 1918 1734 τοῦ
1938 1695 2123 1748 φυλάττειν
2147 1701 2208 1735 τοῦ
2227 1699 2319 1736 Θεοῦ
2334 1697 2393 1735 τὸν

1369 1747 1473 1798 νόμον
1497 1748 1557 1786 καὶ
1576 1751 1764 1799 κατορθοῦν
1785 1748 1830 1786 τὰ
1856 1750 2049 1800 παράὐτοῦ
2070 1748 2212 1787 δοθέντα
2235 1751 2392 1802 προστά-

1369 1817 1500 1852 γματα.
1520 1799 1611 1839 εὈτε
1638 1801 1672 1838 δὲ
1706 1801 1766 1838 καὶ
1793 1802 1955 1845 θεοπτίας
1984 1800 2196 1848 ἠξιώθησαν,
2214 1803 2248 1840 ἐν
2279 1802 2397 1855 στόλῳ

1369 1854 1428 1891 τὸν
1447 1854 1538 1892 Θεὸν
1558 1853 1766 1899 ἐθεάσαντο,
1786 1854 1906 1893 οὐσίαν
1926 1855 2010 1892 ἰδεῖν
2029 1854 2077 1906 μὴ
2097 1855 2334 1907 χωρήσαντες.
2351 1855 2398 1894 ‘O

1371 1907 1406 1945 δὲ
1430 1907 1581 1959 Χριστὸς
1599 1909 1666 1970 οὐχ
1683 1906 1804 1954 οὕτως,
1820 1908 1899 1946 ἀλλ’
1911 1909 1945 1945 ἐν
1965 1910 2078 1960 ἑαυτῷ
2095 1901 2157 1959 μὲν
2179 1907 2238 1946 τὸν
2251 1908 2397 1961 Πατέρα

1371 1960 1444 2013 ἔχει
1456 1990 1465 2005 ,
1484 1960 1543 1998 καὶ
1563 1962 1665 2003 αὐτος
1681 1961 1774 1998 ἐστιν
1793 1962 1827 1998 ἐν
1843 1964 1891 2013 τῷ
1912 1960 2046 2013 Πατρί·
2061 1962 2138 1999 ἀλλ’
2159 1961 2238 2000 οὐδὲ
2255 1963 2294 2000 ἐκ
2310 1977 2395 2014 προ-

1371 2016 1482 2059 κοπῆς
1513 2015 1560 2057 εἰς
1594 2012 1690 2058 ἀξίαν
1721 2013 1890 2052 ἐπέδωκε.
1905 2013 2003 2065 “Osa
2038 2013 2108 2067 γὰρ
2141 2017 2202 2052 τοῦ
2237 2015 2395 2054 Πιλάτου

1370 2066 1628 2118 ἐρωτήσαντος,
1656 2067 1826 2110 Βασιλεὺς
1857 2060 1889 2104 εἶ
1920 2066 1979 2112 σύ;
2012 2068 2113 2112 αὐτὸς
2142 2066 2242 2106 ποίου
2273 2068 2396 2107 τούτου

1371 2120 1456 2171 πρὸς
1476 2119 1538 2166 τὴν
1559 2123 1682 2157 πεῦσιν
1703 2120 1883 2171 ἀπήγαγεν
1897 2134 1904 2141 ·
1931 2118 1981 2158 Σὺ
2001 2119 2134 2171 λέγεις,
2155 2119 2208 2160 ὅτι
2234 2121 2397 2172 βασιλεύς

1372 2176 1461 2224 εἰμι·
1483 2172 1552 2223 ἐγὼ
1570 2175 1617 2216 εἰς
1647 2175 1750 2211 τοῦτο
1779 2173 2014 2225 γεγέννημαι·
2033 2173 2226 2221 τουτέστιν,
2248 2175 2396 2226 ἄγρονον

1371 2226 1434 2273 τὴν
1454 2226 1633 2277 βασιλείαν
1663 2225 1783 2279 ὥσπερ
1807 2227 1871 2273 τὴν
1895 2226 2056 2277 γέννησιν
2089 2220 2397 2279 κέκτημαι.“Πρὸς

1371 2283 1492 2318 τοῦτον
1511 2282 1529 2317 ὃ
1545 2279 1734 2331 ψαλμῳδὸς
1754 2281 1796 2318 τὰ
1816 2279 1893 2326 ἑξῆς
1917 2281 2025 2332 χωρὶς
2044 2280 2160 2327 πάσης
2186 2280 2397 2333 ἀμφιὸολίας

1372 2333 1539 2384 ἐπήγαγε.
1562 2333 1667 2385 Κύριε
1686 2335 1703 2370 ὁ
1719 2334 1809 2376 Θεὸς
1827 2336 1942 2384 ἡμῶν,
1962 2333 2002 2372 σὺ
2023 2334 2190 2380 ε’πήκουες
2207 2336 2336 2372 αὐτῶν.
2351 2333 2398 2372 ‘O

1372 2386 1461 2429 Θεὸς
1480 2389 1599 2437 ἡμῶν·
1617 2385 1740 2433 τίνων;
1762 2388 1844 2424 Τῶν
1863 2385 1919 2424 διὰ
1938 2385 2090 2430 πίστεως
2110 2388 2204 2439 αὐτῷ
2224 2401 2393 2439 στρατευ-

1372 2438 1534 2489 σαμένων
1557 2439 1616 2477 καὶ
1636 2439 1866 2490 κτησαμένων
1888 2438 1946 2476 τὸν
1973 2440 2031 2478 ἐπὶ
2060 2440 2200 2478 πάντων
2224 2439 2314 2478 Θεὸν
2341 2439 2397 2477 διὰ

1373 2494 1434 2537 τῆς
1452 2491 1622 2534 υἱοθεσίας
1642 2496 1702 2530 τοῦ
1731 2492 1973 2543 βαπτίσματος
2000 2491 2098 2530 ἴδιον.
2120 2491 2204 2531 “Ort
2221 2491 2288 2556 γὰρ
2307 2492 2397 2534 Θεὸς

1373 2546 1450 2582 κατ’
1470 2543 1643 2596 ἐξαίρετον
1659 2547 1726 2582 τῶν
1748 2547 1795 2587 εἰς
1816 2543 1916 2582 αὐτὸν
1937 2545 2221 2584 πεπιστευκότων
2234 2546 2375 2595 λεγεται
2388 2574 2397 2588 ,

1371 2600 1390 2636 ὁ
1410 2600 1545 2647 Θωμᾶς
1565 2597 1741 2635 διδάσκει·
1761 2598 1865 2643 ἡνίκα
1889 2596 1956 2648 γὰρ
1984 2599 2041 2636 τὸν
2062 2598 2214 2650 Χριστὸν
2231 2598 2397 2650 ψηλαφή·

1373 2666 1435 2694 σας
1452 2650 1672 2689 ἐπίστευσεν·
1687 2650 1732 2688 ‘O
1750 2650 1875 2702 Κύριός
1899 2666 1964 2701 μου
1984 2650 2043 2689 καὶ
2062 2655 2079 2690 ὁ
2100 2651 2190 2695 Θεός
2210 2666 2294 2702 μου·
2310 2650 2398 2689 ἴδιον

1374 2706 1497 2742 ἑαυτοῦ
1522 2702 1655 2759 Κύριον
1668 2703 1725 2741 καὶ
1742 2704 1832 2742 Θεὸν
1852 2706 1981 2749 καλῶν,
1998 2704 2056 2742 τὸν
2074 2704 2131 2742 ἐπὶ
2147 2704 2288 2742 πάντων
2304 2703 2396 2743 Θεὸν

1373 2757 1579 2809 ἀνέκραγεν.
1601 2760 1714 2800 Οὓτος
1730 2756 1855 2802 τοίνυν,
1878 2759 1923 2800 εἷς
1942 2756 1978 2794 ὃν
1998 2761 2101 2808 ἡμεῖς
2125 2757 2397 2822 ἐπιστεύσαμεν,

1374 2810 1450 2848 οὐδὲ
1476 2816 1546 2853 τοῖς
1581 2809 1724 2852 δικαίοις
1757 2812 1915 2861 ἠγνοεῖτο
1945 2816 2016 2853 τοῖς
2049 2811 2256 2863 ἔμπροσθεν,
2276 2811 2398 2861 διοπερ

1375 2865 1488 2901 αὐτῶν
1509 2863 1706 2915 εὐχομένων
1727 2863 1876 2908 ἐπάκουε
1891 2879 1898 2886 ·
1922 2864 1979 2901 καὶ
2011 2869 2180 2915 μαρτυρεῖ
2200 2862 2244 2902 τὰ
2270 2862 2396 2915 ἐχόμε-

1374 2932 1415 2954 να
1427 2932 1434 2940 ·
1453 2915 1498 2954 ‘O
1519 2915 1629 2962 Θεὸς,
1645 2915 1686 2955 σὺ
1708 2916 1863 2960 εὐίλατος
1888 2916 2006 2968 ἐγένου
2027 2918 2160 2964 αὐτοῖς,
2175 2916 2233 2955 καὶ
2250 2916 2395 2954 ἐκδικῶν

1373 2970 1431 3007 ἐπὶ
1451 2968 1566 3007 πάντα
1584 2969 1627 3007 τὰ
1647 2968 1910 3020 ἐπιτηδεύματα
1925 2971 2050 3008 αὐτῶν.
2071 2972 2225 3022 Θεωρεῖς
2243 2967 2296 3007 ὅτι
2317 2968 2396 3020 περὶ

1375 3023 1528 3075 Χριστοῦ
1542 3022 1656 3073 λέγει·
1674 3023 1778 3060 αὐτοῦ
1799 3022 1865 3075 γὰρ
1885 3022 1970 3060 ἴδιον
1986 3027 2061 3066 ταῖς
2079 3021 2267 3074 ἡμετέραις
2282 3021 2394 3073 ἇμαρ<

1373 3075 1462 3130 τίαις
1481 3077 1518 3114 οὐ
1540 3079 1597 3113 νῦν
1619 3075 1734 3126 μόνον,
1755 3074 1844 3112 ἀλλὰ
1864 3075 1921 3113 καὶ
1945 3075 2054 3113 πάλαι
2072 3075 2275 3113 ἱλάσκεσθαι
2289 3090 2296 3098 ·
2317 3075 2396 3126 περὶ

1372 3133 1410 3166 οὓ
1433 3128 1490 3166 καὶ
1520 3129 1658 3172 Παῧλός
1680 3143 1786 3180 φησι·
1807 3128 1874 3165 ’Ὃν
1898 3127 2086 3180 προσέθετο
2104 3130 2121 3166 ὁ
2140 3129 2230 3171 Θεὸς
2250 3127 2396 3173 ἱλαστή-

1375 3196 1444 3234 ριον
1466 3181 1521 3219 διὰ
1551 3181 1699 3224 πίστεως
1730 3182 1764 3218 ἐν
1791 3184 1839 3230 τῷ
1874 3180 1994 3231 αἵματι
2021 3183 2068 3225 εἰς
2087 3180 2228 3225 ἔνδειξιν
2259 3182 2322 3226 τῆς
2341 3181 2394 3218 δι-

1373 3234 1558 3281 καιοσύνης
1588 3237 1707 3273 αὐτοῦ.
1738 3235 1846 3277 Αὐτὸς
1876 3234 1931 3271 ἐπὶ
1961 3235 2076 3273 πάντα
2109 3235 2238 3272 ἐκδικεῖ
2264 3232 2307 3271 τὰ
2326 3236 2396 3271 τῶν

1374 3287 1515 3326 δικαίων
1537 3286 1811 3337 ἐπιτηδεύματα.
1833 3288 1982 3334 Ἐπειδὴ
2003 3287 2070 3339 γὰρ
2086 3286 2200 3326 πολλὰ
2220 3285 2282 3337 μὲν
2302 3287 2394 3324 ἐκεῖ·

1374 3356 1425 3378 νοι
1440 3341 1525 3392 πρὸς
1545 3341 1584 3379 τὸ
1604 3344 1715 3379 σῶσαι
1731 3339 1770 3377 τὸ
1788 3340 1884 3390 γένος
1905 3344 1973 3378 τῶν
1995 3340 2186 3392 ἀνθρώπων
2209 3339 2397 3385 ἐπετήδευ-

1374 3410 1450 3438 σαν,
1472 3395 1676 3439 ἠναντιοῦτο
1699 3393 1734 3431 δὲ
1754 3393 1885 3436 τούτοις
1905 3397 1922 3431 ὁ
1942 3393 2061 3440 νοητὸς
2089 3394 2221 3446 ἐχθρὸς,
2242 3391 2394 3438 ἐξεδίκη-
